captured_at,source_timestamp,product,bid,ask,mid
2026-05-05T13:16:01.049692,2026-05-05T13:15:59.221464+01:00,gbp,1.3543,1.35435,1.354325
2026-05-05T13:16:02.083339,2026-05-05T13:15:59.221464+01:00,gbp,1.3543,1.35435,1.354325
2026-05-05T13:16:03.143589,2026-05-05T13:15:59.221464+01:00,gbp,1.3543,1.35435,1.354325
2026-05-05T13:16:04.179706,2026-05-05T13:15:59.221464+01:00,gbp,1.3543,1.35435,1.354325
2026-05-05T13:16:05.213979,2026-05-05T13:15:59.221464+01:00,gbp,1.3543,1.35435,1.354325
2026-05-05T13:16:06.260405,2026-05-05T13:15:59.221464+01:00,gbp,1.3543,1.35435,1.354325
2026-05-05T13:16:07.301424,2026-05-05T13:15:59.221464+01:00,gbp,1.3543,1.35435,1.354325
2026-05-05T13:16:08.313695,2026-05-05T13:16:08.186968+01:00,gbp,1.35425,1.3543,1.354275
2026-05-05T13:16:09.323989,2026-05-05T13:16:08.186968+01:00,gbp,1.35425,1.3543,1.354275
2026-05-05T13:16:10.381030,2026-05-05T13:16:08.186968+01:00,gbp,1.35425,1.3543,1.354275
2026-05-05T13:16:11.405048,2026-05-05T13:16:08.186968+01:00,gbp,1.35425,1.3543,1.354275
2026-05-05T13:16:12.425632,2026-05-05T13:16:08.186968+01:00,gbp,1.35425,1.3543,1.354275
2026-05-05T13:16:13.501597,2026-05-05T13:16:08.186968+01:00,gbp,1.35425,1.3543,1.354275
2026-05-05T13:16:14.519586,2026-05-05T13:16:08.186968+01:00,gbp,1.35425,1.3543,1.354275
2026-05-05T13:16:15.530975,2026-05-05T13:16:08.186968+01:00,gbp,1.35425,1.3543,1.354275
2026-05-05T13:16:16.547166,2026-05-05T13:16:08.186968+01:00,gbp,1.35425,1.3543,1.354275
2026-05-05T13:16:17.586819,2026-05-05T13:16:17.482311+01:00,gbp,1.3542,1.3543,1.35425
2026-05-05T13:16:18.611666,2026-05-05T13:16:17.482311+01:00,gbp,1.3542,1.3543,1.35425
2026-05-05T13:16:19.645568,2026-05-05T13:16:17.482311+01:00,gbp,1.3542,1.3543,1.35425
2026-05-05T13:16:20.692448,2026-05-05T13:16:17.482311+01:00,gbp,1.3542,1.3543,1.35425
2026-05-05T13:16:21.741345,2026-05-05T13:16:17.482311+01:00,gbp,1.3542,1.3543,1.35425
2026-05-05T13:16:22.755932,2026-05-05T13:16:17.482311+01:00,gbp,1.3542,1.3543,1.35425
2026-05-05T13:16:23.796652,2026-05-05T13:16:17.482311+01:00,gbp,1.3542,1.3543,1.35425
2026-05-05T13:16:24.824111,2026-05-05T13:16:17.482311+01:00,gbp,1.3542,1.3543,1.35425
2026-05-05T13:16:25.854970,2026-05-05T13:16:17.482311+01:00,gbp,1.3542,1.3543,1.35425
2026-05-05T13:16:26.937467,2026-05-05T13:16:26.334828+01:00,gbp,1.3542,1.3543,1.35425
2026-05-05T13:16:28.008401,2026-05-05T13:16:26.334828+01:00,gbp,1.3542,1.3543,1.35425
2026-05-05T13:16:29.033571,2026-05-05T13:16:26.334828+01:00,gbp,1.3542,1.3543,1.35425
2026-05-05T13:16:30.070569,2026-05-05T13:16:26.334828+01:00,gbp,1.3542,1.3543,1.35425
2026-05-05T13:16:31.104032,2026-05-05T13:16:26.334828+01:00,gbp,1.3542,1.3543,1.35425
2026-05-05T13:16:32.129701,2026-05-05T13:16:26.334828+01:00,gbp,1.3542,1.3543,1.35425
2026-05-05T13:16:33.245869,2026-05-05T13:16:26.334828+01:00,gbp,1.3542,1.3543,1.35425
2026-05-05T13:16:34.378513,2026-05-05T13:16:26.334828+01:00,gbp,1.3542,1.3543,1.35425
2026-05-05T13:16:35.434798,2026-05-05T13:16:35.308522+01:00,gbp,1.35425,1.3543,1.354275
2026-05-05T13:16:36.492242,2026-05-05T13:16:35.308522+01:00,gbp,1.35425,1.3543,1.354275
2026-05-05T13:16:37.563046,2026-05-05T13:16:35.308522+01:00,gbp,1.35425,1.3543,1.354275
2026-05-05T13:16:38.593235,2026-05-05T13:16:35.308522+01:00,gbp,1.35425,1.3543,1.354275
2026-05-05T13:16:39.611477,2026-05-05T13:16:35.308522+01:00,gbp,1.35425,1.3543,1.354275
2026-05-05T13:16:40.632779,2026-05-05T13:16:35.308522+01:00,gbp,1.35425,1.3543,1.354275
2026-05-05T13:16:41.651554,2026-05-05T13:16:35.308522+01:00,gbp,1.35425,1.3543,1.354275
2026-05-05T13:16:42.672960,2026-05-05T13:16:35.308522+01:00,gbp,1.35425,1.3543,1.354275
2026-05-05T13:16:43.695666,2026-05-05T13:16:35.308522+01:00,gbp,1.35425,1.3543,1.354275
2026-05-05T13:16:44.714539,2026-05-05T13:16:44.108817+01:00,gbp,1.35415,1.35425,1.3542
2026-05-05T13:16:45.733298,2026-05-05T13:16:44.108817+01:00,gbp,1.35415,1.35425,1.3542
2026-05-05T13:16:46.756674,2026-05-05T13:16:44.108817+01:00,gbp,1.35415,1.35425,1.3542
2026-05-05T13:16:47.782325,2026-05-05T13:16:44.108817+01:00,gbp,1.35415,1.35425,1.3542
2026-05-05T13:16:48.823337,2026-05-05T13:16:44.108817+01:00,gbp,1.35415,1.35425,1.3542
2026-05-05T13:16:49.845663,2026-05-05T13:16:44.108817+01:00,gbp,1.35415,1.35425,1.3542
2026-05-05T13:16:50.873879,2026-05-05T13:16:44.108817+01:00,gbp,1.35415,1.35425,1.3542
2026-05-05T13:16:51.901950,2026-05-05T13:16:44.108817+01:00,gbp,1.35415,1.35425,1.3542
2026-05-05T13:16:52.926925,2026-05-05T13:16:44.108817+01:00,gbp,1.35415,1.35425,1.3542
2026-05-05T13:16:53.971270,2026-05-05T13:16:52.923249+01:00,gbp,1.3542,1.35425,1.354225
2026-05-05T13:16:55.001431,2026-05-05T13:16:52.923249+01:00,gbp,1.3542,1.35425,1.354225
2026-05-05T13:16:56.026693,2026-05-05T13:16:52.923249+01:00,gbp,1.3542,1.35425,1.354225
2026-05-05T13:16:57.053704,2026-05-05T13:16:52.923249+01:00,gbp,1.3542,1.35425,1.354225
2026-05-05T13:16:58.085007,2026-05-05T13:16:52.923249+01:00,gbp,1.3542,1.35425,1.354225
2026-05-05T13:16:59.142885,2026-05-05T13:16:52.923249+01:00,gbp,1.3542,1.35425,1.354225
2026-05-05T13:17:00.189768,2026-05-05T13:16:52.923249+01:00,gbp,1.3542,1.35425,1.354225
2026-05-05T13:17:01.209760,2026-05-05T13:16:52.923249+01:00,gbp,1.3542,1.35425,1.354225
2026-05-05T13:17:02.230212,2026-05-05T13:17:01.707180+01:00,gbp,1.35425,1.35435,1.3542999999999998
2026-05-05T13:17:03.247452,2026-05-05T13:17:01.707180+01:00,gbp,1.35425,1.35435,1.3542999999999998
2026-05-05T13:17:04.267329,2026-05-05T13:17:01.707180+01:00,gbp,1.35425,1.35435,1.3542999999999998
2026-05-05T13:17:05.287758,2026-05-05T13:17:01.707180+01:00,gbp,1.35425,1.35435,1.3542999999999998
2026-05-05T13:17:06.308719,2026-05-05T13:17:01.707180+01:00,gbp,1.35425,1.35435,1.3542999999999998
2026-05-05T13:17:07.353455,2026-05-05T13:17:01.707180+01:00,gbp,1.35425,1.35435,1.3542999999999998
2026-05-05T13:17:08.371488,2026-05-05T13:17:01.707180+01:00,gbp,1.35425,1.35435,1.3542999999999998
2026-05-05T13:17:09.391036,2026-05-05T13:17:01.707180+01:00,gbp,1.35425,1.35435,1.3542999999999998
2026-05-05T13:17:10.422127,2026-05-05T13:17:01.707180+01:00,gbp,1.35425,1.35435,1.3542999999999998
2026-05-05T13:17:11.452570,2026-05-05T13:17:10.960751+01:00,gbp,1.3543,1.35435,1.354325
2026-05-05T13:17:12.493209,2026-05-05T13:17:10.960751+01:00,gbp,1.3543,1.35435,1.354325
2026-05-05T13:17:13.550285,2026-05-05T13:17:10.960751+01:00,gbp,1.3543,1.35435,1.354325
2026-05-05T13:17:14.576637,2026-05-05T13:17:10.960751+01:00,gbp,1.3543,1.35435,1.354325
2026-05-05T13:17:15.650339,2026-05-05T13:17:10.960751+01:00,gbp,1.3543,1.35435,1.354325
2026-05-05T13:17:16.707780,2026-05-05T13:17:10.960751+01:00,gbp,1.3543,1.35435,1.354325
2026-05-05T13:17:17.802159,2026-05-05T13:17:10.960751+01:00,gbp,1.3543,1.35435,1.354325
2026-05-05T13:17:18.862566,2026-05-05T13:17:10.960751+01:00,gbp,1.3543,1.35435,1.354325
2026-05-05T13:17:19.932070,2026-05-05T13:17:19.698309+01:00,gbp,1.35425,1.35435,1.3542999999999998
2026-05-05T13:17:20.981172,2026-05-05T13:17:19.698309+01:00,gbp,1.35425,1.35435,1.3542999999999998
2026-05-05T13:17:22.017143,2026-05-05T13:17:19.698309+01:00,gbp,1.35425,1.35435,1.3542999999999998
2026-05-05T13:17:23.082535,2026-05-05T13:17:19.698309+01:00,gbp,1.35425,1.35435,1.3542999999999998
2026-05-05T13:17:24.162546,2026-05-05T13:17:19.698309+01:00,gbp,1.35425,1.35435,1.3542999999999998
2026-05-05T13:17:25.220045,2026-05-05T13:17:19.698309+01:00,gbp,1.35425,1.35435,1.3542999999999998
2026-05-05T13:17:26.282133,2026-05-05T13:17:19.698309+01:00,gbp,1.35425,1.35435,1.3542999999999998
2026-05-05T13:17:27.343626,2026-05-05T13:17:19.698309+01:00,gbp,1.35425,1.35435,1.3542999999999998
2026-05-05T13:17:28.451955,2026-05-05T13:17:19.698309+01:00,gbp,1.35425,1.35435,1.3542999999999998
2026-05-05T13:17:29.517352,2026-05-05T13:17:28.544717+01:00,gbp,1.3543,1.3544,1.3543500000000002
2026-05-05T13:17:30.575251,2026-05-05T13:17:28.544717+01:00,gbp,1.3543,1.3544,1.3543500000000002
2026-05-05T13:17:31.642908,2026-05-05T13:17:28.544717+01:00,gbp,1.3543,1.3544,1.3543500000000002
2026-05-05T13:17:32.765409,2026-05-05T13:17:28.544717+01:00,gbp,1.3543,1.3544,1.3543500000000002
2026-05-05T13:17:33.875563,2026-05-05T13:17:28.544717+01:00,gbp,1.3543,1.3544,1.3543500000000002
2026-05-05T13:17:34.996749,2026-05-05T13:17:28.544717+01:00,gbp,1.3543,1.3544,1.3543500000000002
2026-05-05T13:17:36.155489,2026-05-05T13:17:28.544717+01:00,gbp,1.3543,1.3544,1.3543500000000002
2026-05-05T13:17:37.276918,2026-05-05T13:17:28.544717+01:00,gbp,1.3543,1.3544,1.3543500000000002
2026-05-05T13:17:38.418406,2026-05-05T13:17:37.715620+01:00,gbp,1.35435,1.3544,1.354375
2026-05-05T13:17:39.585435,2026-05-05T13:17:37.715620+01:00,gbp,1.35435,1.3544,1.354375
2026-05-05T13:17:40.705065,2026-05-05T13:17:37.715620+01:00,gbp,1.35435,1.3544,1.354375
2026-05-05T13:17:42.173091,2026-05-05T13:17:37.715620+01:00,gbp,1.35435,1.3544,1.354375
2026-05-05T13:17:43.642262,2026-05-05T13:17:37.715620+01:00,gbp,1.35435,1.3544,1.354375
2026-05-05T13:17:44.994564,2026-05-05T13:17:37.715620+01:00,gbp,1.35435,1.3544,1.354375
2026-05-05T13:17:46.293951,2026-05-05T13:17:37.715620+01:00,gbp,1.35435,1.3544,1.354375
2026-05-05T13:17:47.499639,2026-05-05T13:17:46.390151+01:00,gbp,1.35435,1.35445,1.3544
2026-05-05T13:17:48.569647,2026-05-05T13:17:46.390151+01:00,gbp,1.35435,1.35445,1.3544
2026-05-05T13:17:50.033209,2026-05-05T13:17:46.390151+01:00,gbp,1.35435,1.35445,1.3544
2026-05-05T13:17:51.409251,2026-05-05T13:17:46.390151+01:00,gbp,1.35435,1.35445,1.3544
2026-05-05T13:17:52.620941,2026-05-05T13:17:46.390151+01:00,gbp,1.35435,1.35445,1.3544
2026-05-05T13:17:53.730489,2026-05-05T13:17:46.390151+01:00,gbp,1.35435,1.35445,1.3544
2026-05-05T13:17:55.090382,2026-05-05T13:17:46.390151+01:00,gbp,1.35435,1.35445,1.3544
2026-05-05T13:17:56.420566,2026-05-05T13:17:55.834665+01:00,gbp,1.35445,1.3545,1.3544749999999999
2026-05-05T13:17:57.568480,2026-05-05T13:17:55.834665+01:00,gbp,1.35445,1.3545,1.3544749999999999
2026-05-05T13:17:58.662709,2026-05-05T13:17:55.834665+01:00,gbp,1.35445,1.3545,1.3544749999999999
2026-05-05T13:17:59.764903,2026-05-05T13:17:55.834665+01:00,gbp,1.35445,1.3545,1.3544749999999999
2026-05-05T13:18:00.817368,2026-05-05T13:17:55.834665+01:00,gbp,1.35445,1.3545,1.3544749999999999
2026-05-05T13:18:01.900733,2026-05-05T13:17:55.834665+01:00,gbp,1.35445,1.3545,1.3544749999999999
2026-05-05T13:18:03.029211,2026-05-05T13:17:55.834665+01:00,gbp,1.35445,1.3545,1.3544749999999999
2026-05-05T13:18:04.145922,2026-05-05T13:17:55.834665+01:00,gbp,1.35445,1.3545,1.3544749999999999
2026-05-05T13:18:05.274450,2026-05-05T13:18:04.350474+01:00,gbp,1.35445,1.35455,1.3544999999999998
2026-05-05T13:18:06.353748,2026-05-05T13:18:04.350474+01:00,gbp,1.35445,1.35455,1.3544999999999998
2026-05-05T13:18:07.443150,2026-05-05T13:18:04.350474+01:00,gbp,1.35445,1.35455,1.3544999999999998
2026-05-05T13:18:08.492386,2026-05-05T13:18:04.350474+01:00,gbp,1.35445,1.35455,1.3544999999999998
2026-05-05T13:18:09.556282,2026-05-05T13:18:04.350474+01:00,gbp,1.35445,1.35455,1.3544999999999998
2026-05-05T13:18:10.621943,2026-05-05T13:18:04.350474+01:00,gbp,1.35445,1.35455,1.3544999999999998
2026-05-05T13:18:11.678674,2026-05-05T13:18:04.350474+01:00,gbp,1.35445,1.35455,1.3544999999999998
2026-05-05T13:18:12.780667,2026-05-05T13:18:04.350474+01:00,gbp,1.35445,1.35455,1.3544999999999998
2026-05-05T13:18:13.875706,2026-05-05T13:18:13.367496+01:00,gbp,1.3544,1.35445,1.354425
2026-05-05T13:18:14.964312,2026-05-05T13:18:13.367496+01:00,gbp,1.3544,1.35445,1.354425
2026-05-05T13:18:16.088653,2026-05-05T13:18:13.367496+01:00,gbp,1.3544,1.35445,1.354425
2026-05-05T13:18:17.213319,2026-05-05T13:18:13.367496+01:00,gbp,1.3544,1.35445,1.354425
2026-05-05T13:18:18.313755,2026-05-05T13:18:13.367496+01:00,gbp,1.3544,1.35445,1.354425
2026-05-05T13:18:19.414525,2026-05-05T13:18:13.367496+01:00,gbp,1.3544,1.35445,1.354425
2026-05-05T13:18:20.481999,2026-05-05T13:18:13.367496+01:00,gbp,1.3544,1.35445,1.354425
2026-05-05T13:18:21.562877,2026-05-05T13:18:13.367496+01:00,gbp,1.3544,1.35445,1.354425
2026-05-05T13:18:22.629271,2026-05-05T13:18:21.932591+01:00,gbp,1.35445,1.35455,1.3544999999999998
2026-05-05T13:18:23.666052,2026-05-05T13:18:21.932591+01:00,gbp,1.35445,1.35455,1.3544999999999998
2026-05-05T13:18:24.681037,2026-05-05T13:18:21.932591+01:00,gbp,1.35445,1.35455,1.3544999999999998
2026-05-05T13:18:25.712124,2026-05-05T13:18:21.932591+01:00,gbp,1.35445,1.35455,1.3544999999999998
2026-05-05T13:18:26.736148,2026-05-05T13:18:21.932591+01:00,gbp,1.35445,1.35455,1.3544999999999998
2026-05-05T13:18:27.751545,2026-05-05T13:18:21.932591+01:00,gbp,1.35445,1.35455,1.3544999999999998
2026-05-05T13:18:28.768707,2026-05-05T13:18:21.932591+01:00,gbp,1.35445,1.35455,1.3544999999999998
2026-05-05T13:18:29.803308,2026-05-05T13:18:21.932591+01:00,gbp,1.35445,1.35455,1.3544999999999998
2026-05-05T13:18:30.815978,2026-05-05T13:18:30.724593+01:00,gbp,1.35425,1.35435,1.3542999999999998
2026-05-05T13:18:31.853117,2026-05-05T13:18:30.724593+01:00,gbp,1.35425,1.35435,1.3542999999999998
2026-05-05T13:18:37.008426,2026-05-05T13:18:30.724593+01:00,gbp,1.35425,1.35435,1.3542999999999998
2026-05-05T13:18:38.080971,2026-05-05T13:18:30.724593+01:00,gbp,1.35425,1.35435,1.3542999999999998
2026-05-05T13:18:39.152192,2026-05-05T13:18:30.724593+01:00,gbp,1.35425,1.35435,1.3542999999999998
2026-05-05T13:18:40.221974,2026-05-05T13:18:39.711550+01:00,gbp,1.3543,1.35435,1.354325
2026-05-05T13:18:41.296326,2026-05-05T13:18:39.711550+01:00,gbp,1.3543,1.35435,1.354325
2026-05-05T13:18:42.348586,2026-05-05T13:18:39.711550+01:00,gbp,1.3543,1.35435,1.354325
2026-05-05T13:18:43.381514,2026-05-05T13:18:39.711550+01:00,gbp,1.3543,1.35435,1.354325
2026-05-05T13:18:44.463242,2026-05-05T13:18:39.711550+01:00,gbp,1.3543,1.35435,1.354325
2026-05-05T13:18:45.533434,2026-05-05T13:18:39.711550+01:00,gbp,1.3543,1.35435,1.354325
2026-05-05T13:18:46.572346,2026-05-05T13:18:39.711550+01:00,gbp,1.3543,1.35435,1.354325
2026-05-05T13:18:47.625592,2026-05-05T13:18:39.711550+01:00,gbp,1.3543,1.35435,1.354325
2026-05-05T13:18:48.654503,2026-05-05T13:18:39.711550+01:00,gbp,1.3543,1.35435,1.354325
2026-05-05T13:18:49.723106,2026-05-05T13:18:48.814950+01:00,gbp,1.3543,1.35435,1.354325
2026-05-05T13:18:50.753680,2026-05-05T13:18:48.814950+01:00,gbp,1.3543,1.35435,1.354325
2026-05-05T13:18:51.814330,2026-05-05T13:18:48.814950+01:00,gbp,1.3543,1.35435,1.354325
2026-05-05T13:18:52.865687,2026-05-05T13:18:48.814950+01:00,gbp,1.3543,1.35435,1.354325
2026-05-05T13:18:53.923740,2026-05-05T13:18:48.814950+01:00,gbp,1.3543,1.35435,1.354325
2026-05-05T13:18:54.971918,2026-05-05T13:18:48.814950+01:00,gbp,1.3543,1.35435,1.354325
2026-05-05T13:18:56.057008,2026-05-05T13:18:48.814950+01:00,gbp,1.3543,1.35435,1.354325
2026-05-05T13:18:57.108536,2026-05-05T13:18:48.814950+01:00,gbp,1.3543,1.35435,1.354325
2026-05-05T13:18:58.152257,2026-05-05T13:18:57.820478+01:00,gbp,1.35435,1.35445,1.3544
2026-05-05T13:18:59.211770,2026-05-05T13:18:57.820478+01:00,gbp,1.35435,1.35445,1.3544
2026-05-05T13:19:00.279323,2026-05-05T13:18:57.820478+01:00,gbp,1.35435,1.35445,1.3544
2026-05-05T13:19:01.341529,2026-05-05T13:18:57.820478+01:00,gbp,1.35435,1.35445,1.3544
2026-05-05T13:19:02.429005,2026-05-05T13:18:57.820478+01:00,gbp,1.35435,1.35445,1.3544
2026-05-05T13:19:03.494662,2026-05-05T13:18:57.820478+01:00,gbp,1.35435,1.35445,1.3544
2026-05-05T13:19:04.538129,2026-05-05T13:18:57.820478+01:00,gbp,1.35435,1.35445,1.3544
2026-05-05T13:19:05.567811,2026-05-05T13:18:57.820478+01:00,gbp,1.35435,1.35445,1.3544
2026-05-05T13:19:06.610972,2026-05-05T13:19:06.447618+01:00,gbp,1.3544,1.3545,1.35445
2026-05-05T13:19:07.627883,2026-05-05T13:19:06.447618+01:00,gbp,1.3544,1.3545,1.35445
2026-05-05T13:19:08.647532,2026-05-05T13:19:06.447618+01:00,gbp,1.3544,1.3545,1.35445
2026-05-05T13:19:09.714462,2026-05-05T13:19:06.447618+01:00,gbp,1.3544,1.3545,1.35445
2026-05-05T13:19:10.766911,2026-05-05T13:19:06.447618+01:00,gbp,1.3544,1.3545,1.35445
2026-05-05T13:19:11.848656,2026-05-05T13:19:06.447618+01:00,gbp,1.3544,1.3545,1.35445
2026-05-05T13:19:12.918234,2026-05-05T13:19:06.447618+01:00,gbp,1.3544,1.3545,1.35445
2026-05-05T13:19:13.969912,2026-05-05T13:19:06.447618+01:00,gbp,1.3544,1.3545,1.35445
2026-05-05T13:19:15.024600,2026-05-05T13:19:06.447618+01:00,gbp,1.3544,1.3545,1.35445
2026-05-05T13:19:16.104461,2026-05-05T13:19:15.497448+01:00,gbp,1.3544,1.35445,1.354425
2026-05-05T13:19:17.144084,2026-05-05T13:19:15.497448+01:00,gbp,1.3544,1.35445,1.354425
2026-05-05T13:19:18.218917,2026-05-05T13:19:15.497448+01:00,gbp,1.3544,1.35445,1.354425
2026-05-05T13:19:19.286453,2026-05-05T13:19:15.497448+01:00,gbp,1.3544,1.35445,1.354425
2026-05-05T13:19:20.384365,2026-05-05T13:19:15.497448+01:00,gbp,1.3544,1.35445,1.354425
2026-05-05T13:19:21.469800,2026-05-05T13:19:15.497448+01:00,gbp,1.3544,1.35445,1.354425
2026-05-05T13:19:22.516447,2026-05-05T13:19:15.497448+01:00,gbp,1.3544,1.35445,1.354425
2026-05-05T13:19:23.587980,2026-05-05T13:19:15.497448+01:00,gbp,1.3544,1.35445,1.354425
2026-05-05T13:19:24.620409,2026-05-05T13:19:24.601470+01:00,gbp,1.3544,1.3545,1.35445
2026-05-05T13:19:25.702725,2026-05-05T13:19:24.601470+01:00,gbp,1.3544,1.3545,1.35445
2026-05-05T13:19:26.757037,2026-05-05T13:19:24.601470+01:00,gbp,1.3544,1.3545,1.35445
2026-05-05T13:19:27.824148,2026-05-05T13:19:24.601470+01:00,gbp,1.3544,1.3545,1.35445
2026-05-05T13:19:28.906024,2026-05-05T13:19:24.601470+01:00,gbp,1.3544,1.3545,1.35445
2026-05-05T13:19:29.956134,2026-05-05T13:19:24.601470+01:00,gbp,1.3544,1.3545,1.35445
2026-05-05T13:19:30.987100,2026-05-05T13:19:24.601470+01:00,gbp,1.3544,1.3545,1.35445
2026-05-05T13:19:32.014113,2026-05-05T13:19:24.601470+01:00,gbp,1.3544,1.3545,1.35445
2026-05-05T13:19:33.073466,2026-05-05T13:19:24.601470+01:00,gbp,1.3544,1.3545,1.35445
2026-05-05T13:19:34.172568,2026-05-05T13:19:33.073127+01:00,gbp,1.3545,1.3546,1.3545500000000001
2026-05-05T13:19:35.238326,2026-05-05T13:19:33.073127+01:00,gbp,1.3545,1.3546,1.3545500000000001
2026-05-05T13:19:36.335587,2026-05-05T13:19:33.073127+01:00,gbp,1.3545,1.3546,1.3545500000000001
2026-05-05T13:19:37.473059,2026-05-05T13:19:33.073127+01:00,gbp,1.3545,1.3546,1.3545500000000001
2026-05-05T13:19:38.599690,2026-05-05T13:19:33.073127+01:00,gbp,1.3545,1.3546,1.3545500000000001
2026-05-05T13:19:39.677026,2026-05-05T13:19:33.073127+01:00,gbp,1.3545,1.3546,1.3545500000000001
2026-05-05T13:19:40.767127,2026-05-05T13:19:33.073127+01:00,gbp,1.3545,1.3546,1.3545500000000001
2026-05-05T13:19:41.877269,2026-05-05T13:19:33.073127+01:00,gbp,1.3545,1.3546,1.3545500000000001
2026-05-05T13:19:42.931750,2026-05-05T13:19:42.257439+01:00,gbp,1.35475,1.3548,1.354775
2026-05-05T13:19:44.014738,2026-05-05T13:19:42.257439+01:00,gbp,1.35475,1.3548,1.354775
2026-05-05T13:19:45.064951,2026-05-05T13:19:42.257439+01:00,gbp,1.35475,1.3548,1.354775
2026-05-05T13:19:46.159037,2026-05-05T13:19:42.257439+01:00,gbp,1.35475,1.3548,1.354775
2026-05-05T13:19:47.227069,2026-05-05T13:19:42.257439+01:00,gbp,1.35475,1.3548,1.354775
2026-05-05T13:19:48.300476,2026-05-05T13:19:42.257439+01:00,gbp,1.35475,1.3548,1.354775
2026-05-05T13:19:49.391997,2026-05-05T13:19:42.257439+01:00,gbp,1.35475,1.3548,1.354775
2026-05-05T13:19:50.462120,2026-05-05T13:19:42.257439+01:00,gbp,1.35475,1.3548,1.354775
2026-05-05T13:19:51.539196,2026-05-05T13:19:50.875357+01:00,gbp,1.3547,1.35475,1.354725
2026-05-05T13:19:52.641003,2026-05-05T13:19:50.875357+01:00,gbp,1.3547,1.35475,1.354725
2026-05-05T13:19:53.684423,2026-05-05T13:19:50.875357+01:00,gbp,1.3547,1.35475,1.354725
2026-05-05T13:19:54.733650,2026-05-05T13:19:50.875357+01:00,gbp,1.3547,1.35475,1.354725
2026-05-05T13:19:55.816586,2026-05-05T13:19:50.875357+01:00,gbp,1.3547,1.35475,1.354725
2026-05-05T13:19:56.885761,2026-05-05T13:19:50.875357+01:00,gbp,1.3547,1.35475,1.354725
2026-05-05T13:19:57.931080,2026-05-05T13:19:50.875357+01:00,gbp,1.3547,1.35475,1.354725
2026-05-05T13:19:58.970153,2026-05-05T13:19:50.875357+01:00,gbp,1.3547,1.35475,1.354725
2026-05-05T13:19:59.999434,2026-05-05T13:19:59.847234+01:00,gbp,1.35465,1.3547,1.3546749999999999
2026-05-05T13:20:01.079865,2026-05-05T13:19:59.847234+01:00,gbp,1.35465,1.3547,1.3546749999999999
2026-05-05T13:20:02.114000,2026-05-05T13:19:59.847234+01:00,gbp,1.35465,1.3547,1.3546749999999999
2026-05-05T13:20:03.167677,2026-05-05T13:19:59.847234+01:00,gbp,1.35465,1.3547,1.3546749999999999
2026-05-05T13:20:04.204151,2026-05-05T13:19:59.847234+01:00,gbp,1.35465,1.3547,1.3546749999999999
2026-05-05T13:20:05.236922,2026-05-05T13:19:59.847234+01:00,gbp,1.35465,1.3547,1.3546749999999999
2026-05-05T13:20:06.455904,2026-05-05T13:19:59.847234+01:00,gbp,1.35465,1.3547,1.3546749999999999
2026-05-05T13:20:07.531586,2026-05-05T13:19:59.847234+01:00,gbp,1.35465,1.3547,1.3546749999999999
2026-05-05T13:20:08.572520,2026-05-05T13:19:59.847234+01:00,gbp,1.35465,1.3547,1.3546749999999999
2026-05-05T13:20:09.624777,2026-05-05T13:20:08.982949+01:00,gbp,1.3546,1.35465,1.354625
2026-05-05T13:20:10.688108,2026-05-05T13:20:08.982949+01:00,gbp,1.3546,1.35465,1.354625
2026-05-05T13:20:11.753862,2026-05-05T13:20:08.982949+01:00,gbp,1.3546,1.35465,1.354625
2026-05-05T13:20:12.786212,2026-05-05T13:20:08.982949+01:00,gbp,1.3546,1.35465,1.354625
2026-05-05T13:20:13.831496,2026-05-05T13:20:08.982949+01:00,gbp,1.3546,1.35465,1.354625
2026-05-05T13:20:14.859968,2026-05-05T13:20:08.982949+01:00,gbp,1.3546,1.35465,1.354625
2026-05-05T13:20:15.895309,2026-05-05T13:20:08.982949+01:00,gbp,1.3546,1.35465,1.354625
2026-05-05T13:20:17.036280,2026-05-05T13:20:08.982949+01:00,gbp,1.3546,1.35465,1.354625
2026-05-05T13:20:18.089336,2026-05-05T13:20:17.882878+01:00,gbp,1.35455,1.35465,1.3546
2026-05-05T13:20:19.159996,2026-05-05T13:20:17.882878+01:00,gbp,1.35455,1.35465,1.3546
2026-05-05T13:20:20.223826,2026-05-05T13:20:17.882878+01:00,gbp,1.35455,1.35465,1.3546
2026-05-05T13:20:21.302051,2026-05-05T13:20:17.882878+01:00,gbp,1.35455,1.35465,1.3546
2026-05-05T13:20:22.349372,2026-05-05T13:20:17.882878+01:00,gbp,1.35455,1.35465,1.3546
2026-05-05T13:20:23.425627,2026-05-05T13:20:17.882878+01:00,gbp,1.35455,1.35465,1.3546
2026-05-05T13:20:24.472131,2026-05-05T13:20:17.882878+01:00,gbp,1.35455,1.35465,1.3546
2026-05-05T13:20:25.522893,2026-05-05T13:20:17.882878+01:00,gbp,1.35455,1.35465,1.3546
2026-05-05T13:20:26.593404,2026-05-05T13:20:26.258641+01:00,gbp,1.35475,1.3548,1.354775
2026-05-05T13:20:27.728637,2026-05-05T13:20:26.258641+01:00,gbp,1.35475,1.3548,1.354775
2026-05-05T13:20:28.877838,2026-05-05T13:20:26.258641+01:00,gbp,1.35475,1.3548,1.354775
2026-05-05T13:20:29.963830,2026-05-05T13:20:26.258641+01:00,gbp,1.35475,1.3548,1.354775
2026-05-05T13:20:31.065887,2026-05-05T13:20:26.258641+01:00,gbp,1.35475,1.3548,1.354775
2026-05-05T13:20:32.202254,2026-05-05T13:20:26.258641+01:00,gbp,1.35475,1.3548,1.354775
2026-05-05T13:20:33.372100,2026-05-05T13:20:26.258641+01:00,gbp,1.35475,1.3548,1.354775
2026-05-05T13:20:34.482904,2026-05-05T13:20:26.258641+01:00,gbp,1.35475,1.3548,1.354775
2026-05-05T13:20:35.594266,2026-05-05T13:20:35.216536+01:00,gbp,1.3547,1.35475,1.354725
2026-05-05T13:20:36.713637,2026-05-05T13:20:35.216536+01:00,gbp,1.3547,1.35475,1.354725
2026-05-05T13:20:37.790587,2026-05-05T13:20:35.216536+01:00,gbp,1.3547,1.35475,1.354725
2026-05-05T13:20:38.915828,2026-05-05T13:20:35.216536+01:00,gbp,1.3547,1.35475,1.354725
2026-05-05T13:20:40.095408,2026-05-05T13:20:35.216536+01:00,gbp,1.3547,1.35475,1.354725
2026-05-05T13:20:41.193410,2026-05-05T13:20:35.216536+01:00,gbp,1.3547,1.35475,1.354725
2026-05-05T13:20:42.321533,2026-05-05T13:20:35.216536+01:00,gbp,1.3547,1.35475,1.354725
2026-05-05T13:20:43.453989,2026-05-05T13:20:35.216536+01:00,gbp,1.3547,1.35475,1.354725
2026-05-05T13:20:44.597363,2026-05-05T13:20:44.317852+01:00,gbp,1.35465,1.35475,1.3546999999999998
2026-05-05T13:20:45.732166,2026-05-05T13:20:44.317852+01:00,gbp,1.35465,1.35475,1.3546999999999998
2026-05-05T13:20:46.825785,2026-05-05T13:20:44.317852+01:00,gbp,1.35465,1.35475,1.3546999999999998
2026-05-05T13:20:47.938090,2026-05-05T13:20:44.317852+01:00,gbp,1.35465,1.35475,1.3546999999999998
2026-05-05T13:20:48.996869,2026-05-05T13:20:44.317852+01:00,gbp,1.35465,1.35475,1.3546999999999998
2026-05-05T13:20:50.066571,2026-05-05T13:20:44.317852+01:00,gbp,1.35465,1.35475,1.3546999999999998
2026-05-05T13:20:51.136867,2026-05-05T13:20:44.317852+01:00,gbp,1.35465,1.35475,1.3546999999999998
2026-05-05T13:20:52.190252,2026-05-05T13:20:44.317852+01:00,gbp,1.35465,1.35475,1.3546999999999998
2026-05-05T13:20:53.249379,2026-05-05T13:20:53.223647+01:00,gbp,1.3546,1.35465,1.354625
2026-05-05T13:20:54.297419,2026-05-05T13:20:53.223647+01:00,gbp,1.3546,1.35465,1.354625
2026-05-05T13:20:55.344737,2026-05-05T13:20:53.223647+01:00,gbp,1.3546,1.35465,1.354625
2026-05-05T13:20:56.375510,2026-05-05T13:20:53.223647+01:00,gbp,1.3546,1.35465,1.354625
2026-05-05T13:20:57.422772,2026-05-05T13:20:53.223647+01:00,gbp,1.3546,1.35465,1.354625
2026-05-05T13:20:58.474988,2026-05-05T13:20:53.223647+01:00,gbp,1.3546,1.35465,1.354625
2026-05-05T13:20:59.498568,2026-05-05T13:20:53.223647+01:00,gbp,1.3546,1.35465,1.354625
2026-05-05T13:21:00.537133,2026-05-05T13:20:53.223647+01:00,gbp,1.3546,1.35465,1.354625
2026-05-05T13:21:01.562809,2026-05-05T13:20:53.223647+01:00,gbp,1.3546,1.35465,1.354625
2026-05-05T13:21:02.626095,2026-05-05T13:21:02.069253+01:00,gbp,1.35465,1.3547,1.3546749999999999
2026-05-05T13:21:03.698560,2026-05-05T13:21:02.069253+01:00,gbp,1.35465,1.3547,1.3546749999999999
2026-05-05T13:21:04.750730,2026-05-05T13:21:02.069253+01:00,gbp,1.35465,1.3547,1.3546749999999999
2026-05-05T13:21:05.832509,2026-05-05T13:21:02.069253+01:00,gbp,1.35465,1.3547,1.3546749999999999
2026-05-05T13:21:06.874347,2026-05-05T13:21:02.069253+01:00,gbp,1.35465,1.3547,1.3546749999999999
2026-05-05T13:21:07.908251,2026-05-05T13:21:02.069253+01:00,gbp,1.35465,1.3547,1.3546749999999999
2026-05-05T13:21:08.941593,2026-05-05T13:21:02.069253+01:00,gbp,1.35465,1.3547,1.3546749999999999
2026-05-05T13:21:09.969497,2026-05-05T13:21:02.069253+01:00,gbp,1.35465,1.3547,1.3546749999999999
2026-05-05T13:21:11.006418,2026-05-05T13:21:10.963459+01:00,gbp,1.3546,1.35465,1.354625
2026-05-05T13:21:12.036796,2026-05-05T13:21:10.963459+01:00,gbp,1.3546,1.35465,1.354625
2026-05-05T13:21:13.061060,2026-05-05T13:21:10.963459+01:00,gbp,1.3546,1.35465,1.354625
2026-05-05T13:21:14.092096,2026-05-05T13:21:10.963459+01:00,gbp,1.3546,1.35465,1.354625
2026-05-05T13:21:15.119638,2026-05-05T13:21:10.963459+01:00,gbp,1.3546,1.35465,1.354625
2026-05-05T13:21:16.164165,2026-05-05T13:21:10.963459+01:00,gbp,1.3546,1.35465,1.354625
2026-05-05T13:21:17.211380,2026-05-05T13:21:10.963459+01:00,gbp,1.3546,1.35465,1.354625
2026-05-05T13:21:18.270489,2026-05-05T13:21:10.963459+01:00,gbp,1.3546,1.35465,1.354625
2026-05-05T13:21:19.323494,2026-05-05T13:21:10.963459+01:00,gbp,1.3546,1.35465,1.354625
2026-05-05T13:21:20.371676,2026-05-05T13:21:19.732712+01:00,gbp,1.35465,1.3547,1.3546749999999999
2026-05-05T13:21:21.393249,2026-05-05T13:21:19.732712+01:00,gbp,1.35465,1.3547,1.3546749999999999
2026-05-05T13:21:22.427273,2026-05-05T13:21:19.732712+01:00,gbp,1.35465,1.3547,1.3546749999999999
2026-05-05T13:21:23.476762,2026-05-05T13:21:19.732712+01:00,gbp,1.35465,1.3547,1.3546749999999999
2026-05-05T13:21:24.517752,2026-05-05T13:21:19.732712+01:00,gbp,1.35465,1.3547,1.3546749999999999
2026-05-05T13:21:25.560629,2026-05-05T13:21:19.732712+01:00,gbp,1.35465,1.3547,1.3546749999999999
2026-05-05T13:21:26.602527,2026-05-05T13:21:19.732712+01:00,gbp,1.35465,1.3547,1.3546749999999999
2026-05-05T13:21:27.635185,2026-05-05T13:21:19.732712+01:00,gbp,1.35465,1.3547,1.3546749999999999
2026-05-05T13:21:28.656323,2026-05-05T13:21:28.151291+01:00,gbp,1.3547,1.35475,1.354725
2026-05-05T13:21:29.681985,2026-05-05T13:21:28.151291+01:00,gbp,1.3547,1.35475,1.354725
2026-05-05T13:21:30.705789,2026-05-05T13:21:28.151291+01:00,gbp,1.3547,1.35475,1.354725
2026-05-05T13:21:31.760022,2026-05-05T13:21:28.151291+01:00,gbp,1.3547,1.35475,1.354725
2026-05-05T13:21:32.826039,2026-05-05T13:21:28.151291+01:00,gbp,1.3547,1.35475,1.354725
2026-05-05T13:21:33.866858,2026-05-05T13:21:28.151291+01:00,gbp,1.3547,1.35475,1.354725
2026-05-05T13:21:35.034791,2026-05-05T13:21:28.151291+01:00,gbp,1.3547,1.35475,1.354725
2026-05-05T13:21:36.524794,2026-05-05T13:21:28.151291+01:00,gbp,1.3547,1.35475,1.354725
2026-05-05T13:21:38.793931,2026-05-05T13:21:37.506969+01:00,gbp,1.3547,1.35475,1.354725
2026-05-05T13:21:40.677906,2026-05-05T13:21:37.506969+01:00,gbp,1.3547,1.35475,1.354725
2026-05-05T13:21:41.867086,2026-05-05T13:21:37.506969+01:00,gbp,1.3547,1.35475,1.354725
2026-05-05T13:21:43.049830,2026-05-05T13:21:37.506969+01:00,gbp,1.3547,1.35475,1.354725
2026-05-05T13:21:44.234393,2026-05-05T13:21:37.506969+01:00,gbp,1.3547,1.35475,1.354725
2026-05-05T13:21:45.545594,2026-05-05T13:21:37.506969+01:00,gbp,1.3547,1.35475,1.354725
2026-05-05T13:21:47.355721,2026-05-05T13:21:46.274308+01:00,gbp,1.35475,1.3548,1.354775
2026-05-05T13:21:49.501722,2026-05-05T13:21:46.274308+01:00,gbp,1.35475,1.3548,1.354775
2026-05-05T13:21:50.852444,2026-05-05T13:21:46.274308+01:00,gbp,1.35475,1.3548,1.354775
2026-05-05T13:21:52.021013,2026-05-05T13:21:46.274308+01:00,gbp,1.35475,1.3548,1.354775
2026-05-05T13:21:53.200103,2026-05-05T13:21:46.274308+01:00,gbp,1.35475,1.3548,1.354775
2026-05-05T13:21:55.044059,2026-05-05T13:21:46.274308+01:00,gbp,1.35475,1.3548,1.354775
2026-05-05T13:21:57.062050,2026-05-05T13:21:55.667586+01:00,gbp,1.35485,1.3549,1.354875
2026-05-05T13:21:58.859341,2026-05-05T13:21:55.667586+01:00,gbp,1.35485,1.3549,1.354875
2026-05-05T13:22:00.848865,2026-05-05T13:21:55.667586+01:00,gbp,1.35485,1.3549,1.354875
2026-05-05T13:22:02.700767,2026-05-05T13:21:55.667586+01:00,gbp,1.35485,1.3549,1.354875
2026-05-05T13:22:03.930240,2026-05-05T13:22:03.574530+01:00,gbp,1.35485,1.3549,1.354875
2026-05-05T13:22:05.110157,2026-05-05T13:22:03.574530+01:00,gbp,1.35485,1.3549,1.354875
2026-05-05T13:22:06.220880,2026-05-05T13:22:03.574530+01:00,gbp,1.35485,1.3549,1.354875
2026-05-05T13:22:07.313128,2026-05-05T13:22:03.574530+01:00,gbp,1.35485,1.3549,1.354875
2026-05-05T13:22:08.415485,2026-05-05T13:22:03.574530+01:00,gbp,1.35485,1.3549,1.354875
2026-05-05T13:22:09.507854,2026-05-05T13:22:03.574530+01:00,gbp,1.35485,1.3549,1.354875
2026-05-05T13:22:10.627507,2026-05-05T13:22:03.574530+01:00,gbp,1.35485,1.3549,1.354875
2026-05-05T13:22:11.726762,2026-05-05T13:22:03.574530+01:00,gbp,1.35485,1.3549,1.354875
2026-05-05T13:22:12.879893,2026-05-05T13:22:12.611753+01:00,gbp,1.3548,1.35485,1.354825
2026-05-05T13:22:13.977252,2026-05-05T13:22:12.611753+01:00,gbp,1.3548,1.35485,1.354825
2026-05-05T13:22:15.129247,2026-05-05T13:22:12.611753+01:00,gbp,1.3548,1.35485,1.354825
2026-05-05T13:22:16.268725,2026-05-05T13:22:12.611753+01:00,gbp,1.3548,1.35485,1.354825
2026-05-05T13:22:17.351198,2026-05-05T13:22:12.611753+01:00,gbp,1.3548,1.35485,1.354825
2026-05-05T13:22:18.450408,2026-05-05T13:22:12.611753+01:00,gbp,1.3548,1.35485,1.354825
2026-05-05T13:22:19.533071,2026-05-05T13:22:12.611753+01:00,gbp,1.3548,1.35485,1.354825
2026-05-05T13:22:20.669423,2026-05-05T13:22:12.611753+01:00,gbp,1.3548,1.35485,1.354825
2026-05-05T13:22:21.817518,2026-05-05T13:22:21.084910+01:00,gbp,1.35475,1.3548,1.354775
2026-05-05T13:22:22.925436,2026-05-05T13:22:21.084910+01:00,gbp,1.35475,1.3548,1.354775
2026-05-05T13:22:24.014687,2026-05-05T13:22:21.084910+01:00,gbp,1.35475,1.3548,1.354775
2026-05-05T13:22:25.101066,2026-05-05T13:22:21.084910+01:00,gbp,1.35475,1.3548,1.354775
2026-05-05T13:22:26.148697,2026-05-05T13:22:21.084910+01:00,gbp,1.35475,1.3548,1.354775
2026-05-05T13:22:27.194187,2026-05-05T13:22:21.084910+01:00,gbp,1.35475,1.3548,1.354775
2026-05-05T13:22:28.270465,2026-05-05T13:22:21.084910+01:00,gbp,1.35475,1.3548,1.354775
2026-05-05T13:22:29.349857,2026-05-05T13:22:21.084910+01:00,gbp,1.35475,1.3548,1.354775
2026-05-05T13:22:30.406766,2026-05-05T13:22:30.002050+01:00,gbp,1.35475,1.3548,1.354775
2026-05-05T13:22:31.466487,2026-05-05T13:22:30.002050+01:00,gbp,1.35475,1.3548,1.354775
2026-05-05T13:22:32.540344,2026-05-05T13:22:30.002050+01:00,gbp,1.35475,1.3548,1.354775
2026-05-05T13:22:33.668372,2026-05-05T13:22:30.002050+01:00,gbp,1.35475,1.3548,1.354775
2026-05-05T13:22:34.768178,2026-05-05T13:22:30.002050+01:00,gbp,1.35475,1.3548,1.354775
2026-05-05T13:22:35.841336,2026-05-05T13:22:30.002050+01:00,gbp,1.35475,1.3548,1.354775
2026-05-05T13:22:36.933392,2026-05-05T13:22:30.002050+01:00,gbp,1.35475,1.3548,1.354775
2026-05-05T13:22:38.041705,2026-05-05T13:22:30.002050+01:00,gbp,1.35475,1.3548,1.354775
2026-05-05T13:22:39.226553,2026-05-05T13:22:38.695060+01:00,gbp,1.35475,1.3548,1.354775
2026-05-05T13:22:40.309777,2026-05-05T13:22:38.695060+01:00,gbp,1.35475,1.3548,1.354775
2026-05-05T13:22:41.401595,2026-05-05T13:22:38.695060+01:00,gbp,1.35475,1.3548,1.354775
2026-05-05T13:22:42.485156,2026-05-05T13:22:38.695060+01:00,gbp,1.35475,1.3548,1.354775
2026-05-05T13:22:43.528900,2026-05-05T13:22:38.695060+01:00,gbp,1.35475,1.3548,1.354775
2026-05-05T13:22:44.599889,2026-05-05T13:22:38.695060+01:00,gbp,1.35475,1.3548,1.354775
2026-05-05T13:22:45.706592,2026-05-05T13:22:38.695060+01:00,gbp,1.35475,1.3548,1.354775
2026-05-05T13:22:46.867205,2026-05-05T13:22:38.695060+01:00,gbp,1.35475,1.3548,1.354775
2026-05-05T13:22:48.028107,2026-05-05T13:22:47.716881+01:00,gbp,1.3548,1.35485,1.354825
2026-05-05T13:22:49.130024,2026-05-05T13:22:47.716881+01:00,gbp,1.3548,1.35485,1.354825
2026-05-05T13:22:50.252873,2026-05-05T13:22:47.716881+01:00,gbp,1.3548,1.35485,1.354825
2026-05-05T13:22:51.397291,2026-05-05T13:22:47.716881+01:00,gbp,1.3548,1.35485,1.354825
2026-05-05T13:22:52.542091,2026-05-05T13:22:47.716881+01:00,gbp,1.3548,1.35485,1.354825
2026-05-05T13:22:53.639053,2026-05-05T13:22:47.716881+01:00,gbp,1.3548,1.35485,1.354825
2026-05-05T13:22:54.736423,2026-05-05T13:22:47.716881+01:00,gbp,1.3548,1.35485,1.354825
2026-05-05T13:22:55.828563,2026-05-05T13:22:47.716881+01:00,gbp,1.3548,1.35485,1.354825
2026-05-05T13:22:56.911429,2026-05-05T13:22:56.335270+01:00,gbp,1.35475,1.3548,1.354775
2026-05-05T13:22:57.996927,2026-05-05T13:22:56.335270+01:00,gbp,1.35475,1.3548,1.354775
2026-05-05T13:22:59.134223,2026-05-05T13:22:56.335270+01:00,gbp,1.35475,1.3548,1.354775
2026-05-05T13:23:00.166324,2026-05-05T13:22:56.335270+01:00,gbp,1.35475,1.3548,1.354775
2026-05-05T13:23:01.223952,2026-05-05T13:22:56.335270+01:00,gbp,1.35475,1.3548,1.354775
2026-05-05T13:23:02.260163,2026-05-05T13:22:56.335270+01:00,gbp,1.35475,1.3548,1.354775
2026-05-05T13:23:03.323415,2026-05-05T13:22:56.335270+01:00,gbp,1.35475,1.3548,1.354775
2026-05-05T13:23:04.357026,2026-05-05T13:22:56.335270+01:00,gbp,1.35475,1.3548,1.354775
2026-05-05T13:23:05.406666,2026-05-05T13:23:05.350678+01:00,gbp,1.3547,1.3548,1.3547500000000001
2026-05-05T13:23:06.490369,2026-05-05T13:23:05.350678+01:00,gbp,1.3547,1.3548,1.3547500000000001
2026-05-05T13:23:07.521335,2026-05-05T13:23:05.350678+01:00,gbp,1.3547,1.3548,1.3547500000000001
2026-05-05T13:23:08.565334,2026-05-05T13:23:05.350678+01:00,gbp,1.3547,1.3548,1.3547500000000001
2026-05-05T13:23:09.594142,2026-05-05T13:23:05.350678+01:00,gbp,1.3547,1.3548,1.3547500000000001
2026-05-05T13:23:10.653297,2026-05-05T13:23:05.350678+01:00,gbp,1.3547,1.3548,1.3547500000000001
2026-05-05T13:23:11.694498,2026-05-05T13:23:05.350678+01:00,gbp,1.3547,1.3548,1.3547500000000001
2026-05-05T13:23:12.722785,2026-05-05T13:23:05.350678+01:00,gbp,1.3547,1.3548,1.3547500000000001
2026-05-05T13:23:13.743232,2026-05-05T13:23:05.350678+01:00,gbp,1.3547,1.3548,1.3547500000000001
2026-05-05T13:23:14.759554,2026-05-05T13:23:14.163644+01:00,gbp,1.35475,1.3548,1.354775
2026-05-05T13:23:15.813261,2026-05-05T13:23:14.163644+01:00,gbp,1.35475,1.3548,1.354775
2026-05-05T13:23:16.854720,2026-05-05T13:23:14.163644+01:00,gbp,1.35475,1.3548,1.354775
2026-05-05T13:23:17.911000,2026-05-05T13:23:14.163644+01:00,gbp,1.35475,1.3548,1.354775
2026-05-05T13:23:18.991541,2026-05-05T13:23:14.163644+01:00,gbp,1.35475,1.3548,1.354775
2026-05-05T13:23:20.080220,2026-05-05T13:23:14.163644+01:00,gbp,1.35475,1.3548,1.354775
2026-05-05T13:23:21.122105,2026-05-05T13:23:14.163644+01:00,gbp,1.35475,1.3548,1.354775
2026-05-05T13:23:22.174094,2026-05-05T13:23:14.163644+01:00,gbp,1.35475,1.3548,1.354775
2026-05-05T13:23:23.240064,2026-05-05T13:23:22.940065+01:00,gbp,1.3547,1.3548,1.3547500000000001
2026-05-05T13:23:24.291160,2026-05-05T13:23:22.940065+01:00,gbp,1.3547,1.3548,1.3547500000000001
2026-05-05T13:23:25.363562,2026-05-05T13:23:22.940065+01:00,gbp,1.3547,1.3548,1.3547500000000001
2026-05-05T13:23:26.406812,2026-05-05T13:23:22.940065+01:00,gbp,1.3547,1.3548,1.3547500000000001
2026-05-05T13:23:27.463104,2026-05-05T13:23:22.940065+01:00,gbp,1.3547,1.3548,1.3547500000000001
2026-05-05T13:23:28.537576,2026-05-05T13:23:22.940065+01:00,gbp,1.3547,1.3548,1.3547500000000001
2026-05-05T13:23:29.616237,2026-05-05T13:23:22.940065+01:00,gbp,1.3547,1.3548,1.3547500000000001
2026-05-05T13:23:30.669256,2026-05-05T13:23:22.940065+01:00,gbp,1.3547,1.3548,1.3547500000000001
2026-05-05T13:23:31.731228,2026-05-05T13:23:22.940065+01:00,gbp,1.3547,1.3548,1.3547500000000001
2026-05-05T13:23:32.811989,2026-05-05T13:23:32.044410+01:00,gbp,1.3548,1.35485,1.354825
2026-05-05T13:23:33.879456,2026-05-05T13:23:32.044410+01:00,gbp,1.3548,1.35485,1.354825
2026-05-05T13:23:34.955839,2026-05-05T13:23:32.044410+01:00,gbp,1.3548,1.35485,1.354825
2026-05-05T13:23:36.050020,2026-05-05T13:23:32.044410+01:00,gbp,1.3548,1.35485,1.354825
2026-05-05T13:23:37.216175,2026-05-05T13:23:32.044410+01:00,gbp,1.3548,1.35485,1.354825
2026-05-05T13:23:38.419496,2026-05-05T13:23:32.044410+01:00,gbp,1.3548,1.35485,1.354825
2026-05-05T13:23:39.601823,2026-05-05T13:23:32.044410+01:00,gbp,1.3548,1.35485,1.354825
2026-05-05T13:23:40.775514,2026-05-05T13:23:40.687029+01:00,gbp,1.35465,1.35475,1.3546999999999998
2026-05-05T13:23:42.020024,2026-05-05T13:23:40.687029+01:00,gbp,1.35465,1.35475,1.3546999999999998
2026-05-05T13:23:43.519199,2026-05-05T13:23:40.687029+01:00,gbp,1.35465,1.35475,1.3546999999999998
2026-05-05T13:23:44.798599,2026-05-05T13:23:40.687029+01:00,gbp,1.35465,1.35475,1.3546999999999998
2026-05-05T13:23:46.047665,2026-05-05T13:23:40.687029+01:00,gbp,1.35465,1.35475,1.3546999999999998
2026-05-05T13:23:47.329492,2026-05-05T13:23:40.687029+01:00,gbp,1.35465,1.35475,1.3546999999999998
2026-05-05T13:23:48.521740,2026-05-05T13:23:40.687029+01:00,gbp,1.35465,1.35475,1.3546999999999998
2026-05-05T13:23:49.727815,2026-05-05T13:23:40.687029+01:00,gbp,1.35465,1.35475,1.3546999999999998
2026-05-05T13:23:50.952681,2026-05-05T13:23:40.687029+01:00,gbp,1.35465,1.35475,1.3546999999999998
2026-05-05T13:23:52.045639,2026-05-05T13:23:40.687029+01:00,gbp,1.35465,1.35475,1.3546999999999998
2026-05-05T13:23:53.187985,2026-05-05T13:23:40.687029+01:00,gbp,1.35465,1.35475,1.3546999999999998
2026-05-05T13:23:54.345000,2026-05-05T13:23:40.687029+01:00,gbp,1.35465,1.35475,1.3546999999999998
2026-05-05T13:23:55.471729,2026-05-05T13:23:40.687029+01:00,gbp,1.35465,1.35475,1.3546999999999998
2026-05-05T13:23:56.633132,2026-05-05T13:23:40.687029+01:00,gbp,1.35465,1.35475,1.3546999999999998
2026-05-05T13:23:57.764568,2026-05-05T13:23:40.687029+01:00,gbp,1.35465,1.35475,1.3546999999999998
2026-05-05T13:23:58.917872,2026-05-05T13:23:40.687029+01:00,gbp,1.35465,1.35475,1.3546999999999998
2026-05-05T13:24:00.097588,2026-05-05T13:23:40.687029+01:00,gbp,1.35465,1.35475,1.3546999999999998
2026-05-05T13:24:01.228786,2026-05-05T13:23:40.687029+01:00,gbp,1.35465,1.35475,1.3546999999999998
2026-05-05T13:24:02.443145,2026-05-05T13:23:40.687029+01:00,gbp,1.35465,1.35475,1.3546999999999998
2026-05-05T13:24:03.591396,2026-05-05T13:23:40.687029+01:00,gbp,1.35465,1.35475,1.3546999999999998
2026-05-05T13:24:04.767160,2026-05-05T13:23:40.687029+01:00,gbp,1.35465,1.35475,1.3546999999999998
2026-05-05T13:24:05.856002,2026-05-05T13:23:40.687029+01:00,gbp,1.35465,1.35475,1.3546999999999998
2026-05-05T13:24:07.051790,2026-05-05T13:23:40.687029+01:00,gbp,1.35465,1.35475,1.3546999999999998
2026-05-05T13:24:08.248730,2026-05-05T13:23:40.687029+01:00,gbp,1.35465,1.35475,1.3546999999999998
2026-05-05T13:24:09.456400,2026-05-05T13:23:40.687029+01:00,gbp,1.35465,1.35475,1.3546999999999998
2026-05-05T13:24:10.680101,2026-05-05T13:23:40.687029+01:00,gbp,1.35465,1.35475,1.3546999999999998
2026-05-05T13:24:11.780431,2026-05-05T13:23:40.687029+01:00,gbp,1.35465,1.35475,1.3546999999999998
2026-05-05T13:24:12.972387,2026-05-05T13:23:40.687029+01:00,gbp,1.35465,1.35475,1.3546999999999998
2026-05-05T13:24:14.146939,2026-05-05T13:23:40.687029+01:00,gbp,1.35465,1.35475,1.3546999999999998
2026-05-05T13:24:15.350753,2026-05-05T13:23:40.687029+01:00,gbp,1.35465,1.35475,1.3546999999999998
2026-05-05T13:24:16.575891,2026-05-05T13:23:40.687029+01:00,gbp,1.35465,1.35475,1.3546999999999998
2026-05-05T13:24:17.738715,2026-05-05T13:23:40.687029+01:00,gbp,1.35465,1.35475,1.3546999999999998
2026-05-05T13:24:18.898161,2026-05-05T13:23:40.687029+01:00,gbp,1.35465,1.35475,1.3546999999999998
2026-05-05T13:24:20.026771,2026-05-05T13:23:40.687029+01:00,gbp,1.35465,1.35475,1.3546999999999998
2026-05-05T13:24:21.152180,2026-05-05T13:23:40.687029+01:00,gbp,1.35465,1.35475,1.3546999999999998
2026-05-05T13:24:22.239979,2026-05-05T13:23:40.687029+01:00,gbp,1.35465,1.35475,1.3546999999999998
2026-05-05T13:24:23.326641,2026-05-05T13:23:40.687029+01:00,gbp,1.35465,1.35475,1.3546999999999998
2026-05-05T13:24:24.410537,2026-05-05T13:23:40.687029+01:00,gbp,1.35465,1.35475,1.3546999999999998
2026-05-05T13:24:25.459482,2026-05-05T13:23:40.687029+01:00,gbp,1.35465,1.35475,1.3546999999999998
2026-05-05T13:24:26.545710,2026-05-05T13:23:40.687029+01:00,gbp,1.35465,1.35475,1.3546999999999998
2026-05-05T13:24:27.706238,2026-05-05T13:23:40.687029+01:00,gbp,1.35465,1.35475,1.3546999999999998
2026-05-05T13:24:28.793105,2026-05-05T13:24:28.562896+01:00,gbp,1.35465,1.35475,1.3546999999999998
2026-05-05T13:24:29.900530,2026-05-05T13:24:28.562896+01:00,gbp,1.35465,1.35475,1.3546999999999998
2026-05-05T13:24:30.981641,2026-05-05T13:24:28.562896+01:00,gbp,1.35465,1.35475,1.3546999999999998
2026-05-05T13:24:32.119712,2026-05-05T13:24:28.562896+01:00,gbp,1.35465,1.35475,1.3546999999999998
2026-05-05T13:24:33.216699,2026-05-05T13:24:28.562896+01:00,gbp,1.35465,1.35475,1.3546999999999998
2026-05-05T13:24:34.322473,2026-05-05T13:24:28.562896+01:00,gbp,1.35465,1.35475,1.3546999999999998
2026-05-05T13:24:35.455870,2026-05-05T13:24:28.562896+01:00,gbp,1.35465,1.35475,1.3546999999999998
2026-05-05T13:24:36.638895,2026-05-05T13:24:36.528874+01:00,gbp,1.35465,1.35475,1.3546999999999998
2026-05-05T13:24:37.820973,2026-05-05T13:24:36.528874+01:00,gbp,1.35465,1.35475,1.3546999999999998
2026-05-05T13:24:39.153575,2026-05-05T13:24:36.528874+01:00,gbp,1.35465,1.35475,1.3546999999999998
2026-05-05T13:24:40.318342,2026-05-05T13:24:36.528874+01:00,gbp,1.35465,1.35475,1.3546999999999998
2026-05-05T13:24:41.475340,2026-05-05T13:24:36.528874+01:00,gbp,1.35465,1.35475,1.3546999999999998
2026-05-05T13:24:42.634191,2026-05-05T13:24:36.528874+01:00,gbp,1.35465,1.35475,1.3546999999999998
2026-05-05T13:24:43.811875,2026-05-05T13:24:36.528874+01:00,gbp,1.35465,1.35475,1.3546999999999998
2026-05-05T13:24:45.001015,2026-05-05T13:24:36.528874+01:00,gbp,1.35465,1.35475,1.3546999999999998
2026-05-05T13:24:46.205523,2026-05-05T13:24:45.819296+01:00,gbp,1.35455,1.35465,1.3546
2026-05-05T13:24:47.357785,2026-05-05T13:24:45.819296+01:00,gbp,1.35455,1.35465,1.3546
2026-05-05T13:24:48.505077,2026-05-05T13:24:45.819296+01:00,gbp,1.35455,1.35465,1.3546
2026-05-05T13:24:49.644082,2026-05-05T13:24:45.819296+01:00,gbp,1.35455,1.35465,1.3546
2026-05-05T13:24:50.883627,2026-05-05T13:24:45.819296+01:00,gbp,1.35455,1.35465,1.3546
2026-05-05T13:24:51.990623,2026-05-05T13:24:45.819296+01:00,gbp,1.35455,1.35465,1.3546
2026-05-05T13:24:53.124715,2026-05-05T13:24:45.819296+01:00,gbp,1.35455,1.35465,1.3546
2026-05-05T13:24:54.207811,2026-05-05T13:24:45.819296+01:00,gbp,1.35455,1.35465,1.3546
2026-05-05T13:24:55.360477,2026-05-05T13:24:54.479039+01:00,gbp,1.35455,1.35465,1.3546
2026-05-05T13:24:56.573431,2026-05-05T13:24:54.479039+01:00,gbp,1.35455,1.35465,1.3546
2026-05-05T13:24:57.701937,2026-05-05T13:24:54.479039+01:00,gbp,1.35455,1.35465,1.3546
2026-05-05T13:24:58.835820,2026-05-05T13:24:54.479039+01:00,gbp,1.35455,1.35465,1.3546
2026-05-05T13:24:59.961347,2026-05-05T13:24:54.479039+01:00,gbp,1.35455,1.35465,1.3546
2026-05-05T13:25:01.097935,2026-05-05T13:24:54.479039+01:00,gbp,1.35455,1.35465,1.3546
2026-05-05T13:25:02.256933,2026-05-05T13:24:54.479039+01:00,gbp,1.35455,1.35465,1.3546
2026-05-05T13:25:03.366768,2026-05-05T13:24:54.479039+01:00,gbp,1.35455,1.35465,1.3546
2026-05-05T13:25:04.502410,2026-05-05T13:25:03.630140+01:00,gbp,1.35455,1.3546,1.354575
2026-05-05T13:25:05.643493,2026-05-05T13:25:03.630140+01:00,gbp,1.35455,1.3546,1.354575
2026-05-05T13:25:06.782721,2026-05-05T13:25:03.630140+01:00,gbp,1.35455,1.3546,1.354575
2026-05-05T13:25:07.918331,2026-05-05T13:25:03.630140+01:00,gbp,1.35455,1.3546,1.354575
2026-05-05T13:25:09.043100,2026-05-05T13:25:03.630140+01:00,gbp,1.35455,1.3546,1.354575
2026-05-05T13:25:10.191581,2026-05-05T13:25:03.630140+01:00,gbp,1.35455,1.3546,1.354575
2026-05-05T13:25:11.370403,2026-05-05T13:25:03.630140+01:00,gbp,1.35455,1.3546,1.354575
2026-05-05T13:25:12.530233,2026-05-05T13:25:12.144171+01:00,gbp,1.3546,1.35465,1.354625
2026-05-05T13:25:13.659617,2026-05-05T13:25:12.144171+01:00,gbp,1.3546,1.35465,1.354625
2026-05-05T13:25:14.787434,2026-05-05T13:25:12.144171+01:00,gbp,1.3546,1.35465,1.354625
2026-05-05T13:25:15.904999,2026-05-05T13:25:12.144171+01:00,gbp,1.3546,1.35465,1.354625
2026-05-05T13:25:17.015113,2026-05-05T13:25:12.144171+01:00,gbp,1.3546,1.35465,1.354625
2026-05-05T13:25:18.145638,2026-05-05T13:25:12.144171+01:00,gbp,1.3546,1.35465,1.354625
2026-05-05T13:25:19.260225,2026-05-05T13:25:12.144171+01:00,gbp,1.3546,1.35465,1.354625
2026-05-05T13:25:20.426242,2026-05-05T13:25:12.144171+01:00,gbp,1.3546,1.35465,1.354625
2026-05-05T13:25:21.525048,2026-05-05T13:25:21.328991+01:00,gbp,1.35465,1.35475,1.3546999999999998
2026-05-05T13:25:22.632227,2026-05-05T13:25:21.328991+01:00,gbp,1.35465,1.35475,1.3546999999999998
2026-05-05T13:25:23.754254,2026-05-05T13:25:21.328991+01:00,gbp,1.35465,1.35475,1.3546999999999998
2026-05-05T13:25:24.904881,2026-05-05T13:25:21.328991+01:00,gbp,1.35465,1.35475,1.3546999999999998
2026-05-05T13:25:26.022379,2026-05-05T13:25:21.328991+01:00,gbp,1.35465,1.35475,1.3546999999999998
2026-05-05T13:25:27.149251,2026-05-05T13:25:21.328991+01:00,gbp,1.35465,1.35475,1.3546999999999998
2026-05-05T13:25:28.238399,2026-05-05T13:25:21.328991+01:00,gbp,1.35465,1.35475,1.3546999999999998
2026-05-05T13:25:29.303024,2026-05-05T13:25:21.328991+01:00,gbp,1.35465,1.35475,1.3546999999999998
2026-05-05T13:25:30.377859,2026-05-05T13:25:29.772129+01:00,gbp,1.35465,1.35475,1.3546999999999998
2026-05-05T13:25:31.503043,2026-05-05T13:25:29.772129+01:00,gbp,1.35465,1.35475,1.3546999999999998
2026-05-05T13:25:32.622960,2026-05-05T13:25:29.772129+01:00,gbp,1.35465,1.35475,1.3546999999999998
2026-05-05T13:25:33.703335,2026-05-05T13:25:29.772129+01:00,gbp,1.35465,1.35475,1.3546999999999998
2026-05-05T13:25:34.861598,2026-05-05T13:25:29.772129+01:00,gbp,1.35465,1.35475,1.3546999999999998
2026-05-05T13:25:36.059597,2026-05-05T13:25:29.772129+01:00,gbp,1.35465,1.35475,1.3546999999999998
2026-05-05T13:25:37.227891,2026-05-05T13:25:29.772129+01:00,gbp,1.35465,1.35475,1.3546999999999998
2026-05-05T13:25:38.365027,2026-05-05T13:25:29.772129+01:00,gbp,1.35465,1.35475,1.3546999999999998
2026-05-05T13:25:39.533469,2026-05-05T13:25:38.471483+01:00,gbp,1.3547,1.35475,1.354725
2026-05-05T13:25:40.753821,2026-05-05T13:25:38.471483+01:00,gbp,1.3547,1.35475,1.354725
2026-05-05T13:25:42.254032,2026-05-05T13:25:38.471483+01:00,gbp,1.3547,1.35475,1.354725
2026-05-05T13:25:43.490990,2026-05-05T13:25:38.471483+01:00,gbp,1.3547,1.35475,1.354725
2026-05-05T13:25:44.706094,2026-05-05T13:25:38.471483+01:00,gbp,1.3547,1.35475,1.354725
2026-05-05T13:25:45.903781,2026-05-05T13:25:38.471483+01:00,gbp,1.3547,1.35475,1.354725
2026-05-05T13:25:47.140547,2026-05-05T13:25:38.471483+01:00,gbp,1.3547,1.35475,1.354725
2026-05-05T13:25:48.330454,2026-05-05T13:25:47.846538+01:00,gbp,1.35465,1.35475,1.3546999999999998
2026-05-05T13:25:49.532808,2026-05-05T13:25:47.846538+01:00,gbp,1.35465,1.35475,1.3546999999999998
2026-05-05T13:25:50.734006,2026-05-05T13:25:47.846538+01:00,gbp,1.35465,1.35475,1.3546999999999998
2026-05-05T13:25:51.883714,2026-05-05T13:25:47.846538+01:00,gbp,1.35465,1.35475,1.3546999999999998
2026-05-05T13:25:53.022250,2026-05-05T13:25:47.846538+01:00,gbp,1.35465,1.35475,1.3546999999999998
2026-05-05T13:25:54.198522,2026-05-05T13:25:47.846538+01:00,gbp,1.35465,1.35475,1.3546999999999998
2026-05-05T13:25:55.339233,2026-05-05T13:25:47.846538+01:00,gbp,1.35465,1.35475,1.3546999999999998
2026-05-05T13:25:56.449558,2026-05-05T13:25:56.360561+01:00,gbp,1.35465,1.35475,1.3546999999999998
2026-05-05T13:25:57.545378,2026-05-05T13:25:56.360561+01:00,gbp,1.35465,1.35475,1.3546999999999998
2026-05-05T13:25:58.659519,2026-05-05T13:25:56.360561+01:00,gbp,1.35465,1.35475,1.3546999999999998
2026-05-05T13:25:59.779339,2026-05-05T13:25:56.360561+01:00,gbp,1.35465,1.35475,1.3546999999999998
2026-05-05T13:26:00.952162,2026-05-05T13:25:56.360561+01:00,gbp,1.35465,1.35475,1.3546999999999998
2026-05-05T13:26:02.145181,2026-05-05T13:25:56.360561+01:00,gbp,1.35465,1.35475,1.3546999999999998
2026-05-05T13:26:03.347952,2026-05-05T13:25:56.360561+01:00,gbp,1.35465,1.35475,1.3546999999999998
2026-05-05T13:26:04.486702,2026-05-05T13:25:56.360561+01:00,gbp,1.35465,1.35475,1.3546999999999998
2026-05-05T13:26:05.620160,2026-05-05T13:26:05.539222+01:00,gbp,1.35465,1.35475,1.3546999999999998
2026-05-05T13:26:06.716282,2026-05-05T13:26:05.539222+01:00,gbp,1.35465,1.35475,1.3546999999999998
2026-05-05T13:26:07.836035,2026-05-05T13:26:05.539222+01:00,gbp,1.35465,1.35475,1.3546999999999998
2026-05-05T13:26:08.955846,2026-05-05T13:26:05.539222+01:00,gbp,1.35465,1.35475,1.3546999999999998
2026-05-05T13:26:10.180888,2026-05-05T13:26:05.539222+01:00,gbp,1.35465,1.35475,1.3546999999999998
2026-05-05T13:26:11.544285,2026-05-05T13:26:05.539222+01:00,gbp,1.35465,1.35475,1.3546999999999998
2026-05-05T13:26:12.722126,2026-05-05T13:26:05.539222+01:00,gbp,1.35465,1.35475,1.3546999999999998
2026-05-05T13:26:14.164242,2026-05-05T13:26:05.539222+01:00,gbp,1.35465,1.35475,1.3546999999999998
2026-05-05T13:26:15.346940,2026-05-05T13:26:15.178489+01:00,gbp,1.35475,1.3548,1.354775
2026-05-05T13:26:16.476110,2026-05-05T13:26:15.178489+01:00,gbp,1.35475,1.3548,1.354775
2026-05-05T13:26:17.560142,2026-05-05T13:26:15.178489+01:00,gbp,1.35475,1.3548,1.354775
2026-05-05T13:26:18.709494,2026-05-05T13:26:15.178489+01:00,gbp,1.35475,1.3548,1.354775
2026-05-05T13:26:19.852887,2026-05-05T13:26:15.178489+01:00,gbp,1.35475,1.3548,1.354775
2026-05-05T13:26:20.961228,2026-05-05T13:26:15.178489+01:00,gbp,1.35475,1.3548,1.354775
2026-05-05T13:26:22.076689,2026-05-05T13:26:15.178489+01:00,gbp,1.35475,1.3548,1.354775
2026-05-05T13:26:23.195267,2026-05-05T13:26:15.178489+01:00,gbp,1.35475,1.3548,1.354775
2026-05-05T13:26:24.324726,2026-05-05T13:26:23.853126+01:00,gbp,1.3549,1.35495,1.3549250000000002
2026-05-05T13:26:25.410602,2026-05-05T13:26:23.853126+01:00,gbp,1.3549,1.35495,1.3549250000000002
2026-05-05T13:26:26.539703,2026-05-05T13:26:23.853126+01:00,gbp,1.3549,1.35495,1.3549250000000002
2026-05-05T13:26:27.658591,2026-05-05T13:26:23.853126+01:00,gbp,1.3549,1.35495,1.3549250000000002
2026-05-05T13:26:28.783486,2026-05-05T13:26:23.853126+01:00,gbp,1.3549,1.35495,1.3549250000000002
2026-05-05T13:26:29.890316,2026-05-05T13:26:23.853126+01:00,gbp,1.3549,1.35495,1.3549250000000002
2026-05-05T13:26:30.990416,2026-05-05T13:26:23.853126+01:00,gbp,1.3549,1.35495,1.3549250000000002
2026-05-05T13:26:32.129165,2026-05-05T13:26:23.853126+01:00,gbp,1.3549,1.35495,1.3549250000000002
2026-05-05T13:26:33.299476,2026-05-05T13:26:32.896946+01:00,gbp,1.3549,1.35495,1.3549250000000002
2026-05-05T13:26:34.582334,2026-05-05T13:26:32.896946+01:00,gbp,1.3549,1.35495,1.3549250000000002
2026-05-05T13:26:35.796260,2026-05-05T13:26:32.896946+01:00,gbp,1.3549,1.35495,1.3549250000000002
2026-05-05T13:26:36.974413,2026-05-05T13:26:32.896946+01:00,gbp,1.3549,1.35495,1.3549250000000002
2026-05-05T13:26:38.275385,2026-05-05T13:26:32.896946+01:00,gbp,1.3549,1.35495,1.3549250000000002
2026-05-05T13:26:39.480355,2026-05-05T13:26:32.896946+01:00,gbp,1.3549,1.35495,1.3549250000000002
2026-05-05T13:26:40.665022,2026-05-05T13:26:32.896946+01:00,gbp,1.3549,1.35495,1.3549250000000002
2026-05-05T13:26:41.821284,2026-05-05T13:26:32.896946+01:00,gbp,1.3549,1.35495,1.3549250000000002
2026-05-05T13:26:42.938952,2026-05-05T13:26:42.191745+01:00,gbp,1.3549,1.35495,1.3549250000000002
2026-05-05T13:26:44.019823,2026-05-05T13:26:42.191745+01:00,gbp,1.3549,1.35495,1.3549250000000002
2026-05-05T13:26:45.109911,2026-05-05T13:26:42.191745+01:00,gbp,1.3549,1.35495,1.3549250000000002
2026-05-05T13:26:46.244734,2026-05-05T13:26:42.191745+01:00,gbp,1.3549,1.35495,1.3549250000000002
2026-05-05T13:26:47.377240,2026-05-05T13:26:42.191745+01:00,gbp,1.3549,1.35495,1.3549250000000002
2026-05-05T13:26:48.506646,2026-05-05T13:26:42.191745+01:00,gbp,1.3549,1.35495,1.3549250000000002
2026-05-05T13:26:49.629461,2026-05-05T13:26:42.191745+01:00,gbp,1.3549,1.35495,1.3549250000000002
2026-05-05T13:26:50.795024,2026-05-05T13:26:42.191745+01:00,gbp,1.3549,1.35495,1.3549250000000002
2026-05-05T13:26:51.951467,2026-05-05T13:26:50.991146+01:00,gbp,1.3548,1.3549,1.3548499999999999
2026-05-05T13:26:53.085329,2026-05-05T13:26:50.991146+01:00,gbp,1.3548,1.3549,1.3548499999999999
2026-05-05T13:26:54.163802,2026-05-05T13:26:50.991146+01:00,gbp,1.3548,1.3549,1.3548499999999999
2026-05-05T13:26:55.247666,2026-05-05T13:26:50.991146+01:00,gbp,1.3548,1.3549,1.3548499999999999
2026-05-05T13:26:56.307734,2026-05-05T13:26:50.991146+01:00,gbp,1.3548,1.3549,1.3548499999999999
2026-05-05T13:26:57.410230,2026-05-05T13:26:50.991146+01:00,gbp,1.3548,1.3549,1.3548499999999999
2026-05-05T13:26:58.517468,2026-05-05T13:26:50.991146+01:00,gbp,1.3548,1.3549,1.3548499999999999
2026-05-05T13:26:59.595573,2026-05-05T13:26:59.462799+01:00,gbp,1.35485,1.35495,1.3549000000000002
2026-05-05T13:27:00.676208,2026-05-05T13:26:59.462799+01:00,gbp,1.35485,1.35495,1.3549000000000002
2026-05-05T13:27:01.766186,2026-05-05T13:26:59.462799+01:00,gbp,1.35485,1.35495,1.3549000000000002
2026-05-05T13:27:02.829906,2026-05-05T13:26:59.462799+01:00,gbp,1.35485,1.35495,1.3549000000000002
2026-05-05T13:27:03.922060,2026-05-05T13:26:59.462799+01:00,gbp,1.35485,1.35495,1.3549000000000002
2026-05-05T13:27:05.024318,2026-05-05T13:26:59.462799+01:00,gbp,1.35485,1.35495,1.3549000000000002
2026-05-05T13:27:06.050072,2026-05-05T13:26:59.462799+01:00,gbp,1.35485,1.35495,1.3549000000000002
2026-05-05T13:27:07.102216,2026-05-05T13:26:59.462799+01:00,gbp,1.35485,1.35495,1.3549000000000002
2026-05-05T13:27:08.146334,2026-05-05T13:26:59.462799+01:00,gbp,1.35485,1.35495,1.3549000000000002
2026-05-05T13:27:09.200683,2026-05-05T13:27:08.477829+01:00,gbp,1.3548,1.35485,1.354825
2026-05-05T13:27:10.295464,2026-05-05T13:27:08.477829+01:00,gbp,1.3548,1.35485,1.354825
2026-05-05T13:27:11.396465,2026-05-05T13:27:08.477829+01:00,gbp,1.3548,1.35485,1.354825
2026-05-05T13:27:12.461825,2026-05-05T13:27:08.477829+01:00,gbp,1.3548,1.35485,1.354825
2026-05-05T13:27:13.592347,2026-05-05T13:27:08.477829+01:00,gbp,1.3548,1.35485,1.354825
2026-05-05T13:27:14.646234,2026-05-05T13:27:08.477829+01:00,gbp,1.3548,1.35485,1.354825
2026-05-05T13:27:15.734337,2026-05-05T13:27:08.477829+01:00,gbp,1.3548,1.35485,1.354825
2026-05-05T13:27:16.808319,2026-05-05T13:27:08.477829+01:00,gbp,1.3548,1.35485,1.354825
2026-05-05T13:27:17.862156,2026-05-05T13:27:17.497990+01:00,gbp,1.3548,1.35485,1.354825
2026-05-05T13:27:18.904450,2026-05-05T13:27:17.497990+01:00,gbp,1.3548,1.35485,1.354825
2026-05-05T13:27:19.949102,2026-05-05T13:27:17.497990+01:00,gbp,1.3548,1.35485,1.354825
2026-05-05T13:27:20.977860,2026-05-05T13:27:17.497990+01:00,gbp,1.3548,1.35485,1.354825
2026-05-05T13:27:22.000109,2026-05-05T13:27:17.497990+01:00,gbp,1.3548,1.35485,1.354825
2026-05-05T13:27:23.056776,2026-05-05T13:27:17.497990+01:00,gbp,1.3548,1.35485,1.354825
2026-05-05T13:27:24.079367,2026-05-05T13:27:17.497990+01:00,gbp,1.3548,1.35485,1.354825
2026-05-05T13:27:25.105169,2026-05-05T13:27:17.497990+01:00,gbp,1.3548,1.35485,1.354825
2026-05-05T13:27:26.148691,2026-05-05T13:27:17.497990+01:00,gbp,1.3548,1.35485,1.354825
2026-05-05T13:27:27.224697,2026-05-05T13:27:26.323828+01:00,gbp,1.3548,1.3549,1.3548499999999999
2026-05-05T13:27:28.250658,2026-05-05T13:27:26.323828+01:00,gbp,1.3548,1.3549,1.3548499999999999
2026-05-05T13:27:29.285891,2026-05-05T13:27:26.323828+01:00,gbp,1.3548,1.3549,1.3548499999999999
2026-05-05T13:27:30.325200,2026-05-05T13:27:26.323828+01:00,gbp,1.3548,1.3549,1.3548499999999999
2026-05-05T13:27:31.364666,2026-05-05T13:27:26.323828+01:00,gbp,1.3548,1.3549,1.3548499999999999
2026-05-05T13:27:32.409694,2026-05-05T13:27:26.323828+01:00,gbp,1.3548,1.3549,1.3548499999999999
2026-05-05T13:27:33.461951,2026-05-05T13:27:26.323828+01:00,gbp,1.3548,1.3549,1.3548499999999999
2026-05-05T13:27:34.508877,2026-05-05T13:27:26.323828+01:00,gbp,1.3548,1.3549,1.3548499999999999
2026-05-05T13:27:35.621958,2026-05-05T13:27:35.347980+01:00,gbp,1.3548,1.35485,1.354825
2026-05-05T13:27:36.682720,2026-05-05T13:27:35.347980+01:00,gbp,1.3548,1.35485,1.354825
2026-05-05T13:27:37.771469,2026-05-05T13:27:35.347980+01:00,gbp,1.3548,1.35485,1.354825
2026-05-05T13:27:38.870752,2026-05-05T13:27:35.347980+01:00,gbp,1.3548,1.35485,1.354825
2026-05-05T13:27:40.135633,2026-05-05T13:27:35.347980+01:00,gbp,1.3548,1.35485,1.354825
2026-05-05T13:27:42.131109,2026-05-05T13:27:35.347980+01:00,gbp,1.3548,1.35485,1.354825
2026-05-05T13:27:43.944569,2026-05-05T13:27:35.347980+01:00,gbp,1.3548,1.35485,1.354825
2026-05-05T13:27:45.269078,2026-05-05T13:27:44.618191+01:00,gbp,1.3548,1.35485,1.354825
2026-05-05T13:27:46.343075,2026-05-05T13:27:44.618191+01:00,gbp,1.3548,1.35485,1.354825
2026-05-05T13:27:47.644311,2026-05-05T13:27:44.618191+01:00,gbp,1.3548,1.35485,1.354825
2026-05-05T13:27:49.584466,2026-05-05T13:27:44.618191+01:00,gbp,1.3548,1.35485,1.354825
2026-05-05T13:27:51.447389,2026-05-05T13:27:44.618191+01:00,gbp,1.3548,1.35485,1.354825
2026-05-05T13:27:53.271851,2026-05-05T13:27:44.618191+01:00,gbp,1.3548,1.35485,1.354825
2026-05-05T13:27:54.860919,2026-05-05T13:27:53.272083+01:00,gbp,1.3548,1.35485,1.354825
2026-05-05T13:27:56.035902,2026-05-05T13:27:53.272083+01:00,gbp,1.3548,1.35485,1.354825
2026-05-05T13:27:57.277984,2026-05-05T13:27:53.272083+01:00,gbp,1.3548,1.35485,1.354825
2026-05-05T13:27:59.240916,2026-05-05T13:27:53.272083+01:00,gbp,1.3548,1.35485,1.354825
2026-05-05T13:28:01.351089,2026-05-05T13:27:53.272083+01:00,gbp,1.3548,1.35485,1.354825
2026-05-05T13:28:03.401079,2026-05-05T13:28:02.287595+01:00,gbp,1.3548,1.35485,1.354825
2026-05-05T13:28:05.450430,2026-05-05T13:28:02.287595+01:00,gbp,1.3548,1.35485,1.354825
2026-05-05T13:28:07.537451,2026-05-05T13:28:02.287595+01:00,gbp,1.3548,1.35485,1.354825
2026-05-05T13:28:09.451568,2026-05-05T13:28:02.287595+01:00,gbp,1.3548,1.35485,1.354825
2026-05-05T13:28:11.702991,2026-05-05T13:28:11.490880+01:00,gbp,1.3548,1.35485,1.354825
2026-05-05T13:28:13.986891,2026-05-05T13:28:11.490880+01:00,gbp,1.3548,1.35485,1.354825
2026-05-05T13:28:15.752425,2026-05-05T13:28:11.490880+01:00,gbp,1.3548,1.35485,1.354825
2026-05-05T13:28:17.721319,2026-05-05T13:28:11.490880+01:00,gbp,1.3548,1.35485,1.354825
2026-05-05T13:28:19.499474,2026-05-05T13:28:11.490880+01:00,gbp,1.3548,1.35485,1.354825
2026-05-05T13:28:21.236480,2026-05-05T13:28:20.296281+01:00,gbp,1.35475,1.3548,1.354775
2026-05-05T13:28:23.027897,2026-05-05T13:28:20.296281+01:00,gbp,1.35475,1.3548,1.354775
2026-05-05T13:28:25.276275,2026-05-05T13:28:20.296281+01:00,gbp,1.35475,1.3548,1.354775
2026-05-05T13:28:27.309498,2026-05-05T13:28:20.296281+01:00,gbp,1.35475,1.3548,1.354775
2026-05-05T13:28:29.552039,2026-05-05T13:28:20.296281+01:00,gbp,1.35475,1.3548,1.354775
2026-05-05T13:28:32.001205,2026-05-05T13:28:20.296281+01:00,gbp,1.35475,1.3548,1.354775
2026-05-05T13:28:34.242257,2026-05-05T13:28:20.296281+01:00,gbp,1.35475,1.3548,1.354775
2026-05-05T13:28:36.161247,2026-05-05T13:28:20.296281+01:00,gbp,1.35475,1.3548,1.354775
2026-05-05T13:28:38.493644,2026-05-05T13:28:20.296281+01:00,gbp,1.35475,1.3548,1.354775
2026-05-05T13:28:40.781121,2026-05-05T13:28:20.296281+01:00,gbp,1.35475,1.3548,1.354775
2026-05-05T13:28:43.035477,2026-05-05T13:28:20.296281+01:00,gbp,1.35475,1.3548,1.354775
2026-05-05T13:28:45.219087,2026-05-05T13:28:20.296281+01:00,gbp,1.35475,1.3548,1.354775
2026-05-05T13:28:47.129005,2026-05-05T13:28:20.296281+01:00,gbp,1.35475,1.3548,1.354775
2026-05-05T13:28:48.886617,2026-05-05T13:28:20.296281+01:00,gbp,1.35475,1.3548,1.354775
2026-05-05T13:28:50.877020,2026-05-05T13:28:20.296281+01:00,gbp,1.35475,1.3548,1.354775
2026-05-05T13:28:53.044011,2026-05-05T13:28:20.296281+01:00,gbp,1.35475,1.3548,1.354775
2026-05-05T13:28:54.988634,2026-05-05T13:28:20.296281+01:00,gbp,1.35475,1.3548,1.354775
2026-05-05T13:28:57.021568,2026-05-05T13:28:20.296281+01:00,gbp,1.35475,1.3548,1.354775
2026-05-05T13:28:59.010909,2026-05-05T13:28:20.296281+01:00,gbp,1.35475,1.3548,1.354775
2026-05-05T13:29:01.209500,2026-05-05T13:28:20.296281+01:00,gbp,1.35475,1.3548,1.354775
2026-05-05T13:29:03.187799,2026-05-05T13:28:20.296281+01:00,gbp,1.35475,1.3548,1.354775
2026-05-05T13:29:05.110399,2026-05-05T13:28:20.296281+01:00,gbp,1.35475,1.3548,1.354775
2026-05-05T13:29:07.020344,2026-05-05T13:28:20.296281+01:00,gbp,1.35475,1.3548,1.354775
2026-05-05T13:29:09.112986,2026-05-05T13:28:20.296281+01:00,gbp,1.35475,1.3548,1.354775
2026-05-05T13:29:10.784729,2026-05-05T13:28:20.296281+01:00,gbp,1.35475,1.3548,1.354775
2026-05-05T13:29:12.415544,2026-05-05T13:28:20.296281+01:00,gbp,1.35475,1.3548,1.354775
2026-05-05T13:29:14.289042,2026-05-05T13:28:20.296281+01:00,gbp,1.35475,1.3548,1.354775
2026-05-05T13:29:16.206788,2026-05-05T13:28:20.296281+01:00,gbp,1.35475,1.3548,1.354775
2026-05-05T13:29:18.061742,2026-05-05T13:28:20.296281+01:00,gbp,1.35475,1.3548,1.354775
2026-05-05T13:29:20.088286,2026-05-05T13:28:20.296281+01:00,gbp,1.35475,1.3548,1.354775
2026-05-05T13:29:21.759137,2026-05-05T13:28:20.296281+01:00,gbp,1.35475,1.3548,1.354775
2026-05-05T13:29:23.710522,2026-05-05T13:28:20.296281+01:00,gbp,1.35475,1.3548,1.354775
2026-05-05T13:29:25.336112,2026-05-05T13:28:20.296281+01:00,gbp,1.35475,1.3548,1.354775
2026-05-05T13:29:27.018093,2026-05-05T13:28:20.296281+01:00,gbp,1.35475,1.3548,1.354775
2026-05-05T13:29:28.703696,2026-05-05T13:28:20.296281+01:00,gbp,1.35475,1.3548,1.354775
2026-05-05T13:29:30.284424,2026-05-05T13:29:29.222111+01:00,gbp,1.35445,1.3545,1.3544749999999999
2026-05-05T13:29:31.504478,2026-05-05T13:29:29.222111+01:00,gbp,1.35445,1.3545,1.3544749999999999
2026-05-05T13:29:32.568324,2026-05-05T13:29:29.222111+01:00,gbp,1.35445,1.3545,1.3544749999999999
2026-05-05T13:29:33.645974,2026-05-05T13:29:29.222111+01:00,gbp,1.35445,1.3545,1.3544749999999999
2026-05-05T13:29:34.735621,2026-05-05T13:29:29.222111+01:00,gbp,1.35445,1.3545,1.3544749999999999
2026-05-05T13:29:35.813678,2026-05-05T13:29:29.222111+01:00,gbp,1.35445,1.3545,1.3544749999999999
2026-05-05T13:29:36.893014,2026-05-05T13:29:36.600524+01:00,gbp,1.35445,1.3545,1.3544749999999999
2026-05-05T13:29:37.943862,2026-05-05T13:29:36.600524+01:00,gbp,1.35445,1.3545,1.3544749999999999
2026-05-05T13:29:38.999646,2026-05-05T13:29:36.600524+01:00,gbp,1.35445,1.3545,1.3544749999999999
2026-05-05T13:29:40.080270,2026-05-05T13:29:36.600524+01:00,gbp,1.35445,1.3545,1.3544749999999999
2026-05-05T13:29:41.156562,2026-05-05T13:29:36.600524+01:00,gbp,1.35445,1.3545,1.3544749999999999
2026-05-05T13:29:42.239898,2026-05-05T13:29:36.600524+01:00,gbp,1.35445,1.3545,1.3544749999999999
2026-05-05T13:29:43.315920,2026-05-05T13:29:36.600524+01:00,gbp,1.35445,1.3545,1.3544749999999999
2026-05-05T13:29:44.369771,2026-05-05T13:29:36.600524+01:00,gbp,1.35445,1.3545,1.3544749999999999
2026-05-05T13:29:45.447366,2026-05-05T13:29:36.600524+01:00,gbp,1.35445,1.3545,1.3544749999999999
2026-05-05T13:29:46.497289,2026-05-05T13:29:45.782591+01:00,gbp,1.35445,1.3545,1.3544749999999999
2026-05-05T13:29:47.553654,2026-05-05T13:29:45.782591+01:00,gbp,1.35445,1.3545,1.3544749999999999
2026-05-05T13:29:48.597322,2026-05-05T13:29:45.782591+01:00,gbp,1.35445,1.3545,1.3544749999999999
2026-05-05T13:29:49.655938,2026-05-05T13:29:45.782591+01:00,gbp,1.35445,1.3545,1.3544749999999999
2026-05-05T13:29:50.732109,2026-05-05T13:29:45.782591+01:00,gbp,1.35445,1.3545,1.3544749999999999
2026-05-05T13:29:51.794742,2026-05-05T13:29:45.782591+01:00,gbp,1.35445,1.3545,1.3544749999999999
2026-05-05T13:29:52.835995,2026-05-05T13:29:45.782591+01:00,gbp,1.35445,1.3545,1.3544749999999999
2026-05-05T13:29:53.906988,2026-05-05T13:29:45.782591+01:00,gbp,1.35445,1.3545,1.3544749999999999
2026-05-05T13:29:54.938711,2026-05-05T13:29:54.840098+01:00,gbp,1.3545,1.35455,1.354525
2026-05-05T13:29:55.993853,2026-05-05T13:29:54.840098+01:00,gbp,1.3545,1.35455,1.354525
2026-05-05T13:29:57.036881,2026-05-05T13:29:54.840098+01:00,gbp,1.3545,1.35455,1.354525
2026-05-05T13:29:58.097463,2026-05-05T13:29:54.840098+01:00,gbp,1.3545,1.35455,1.354525
2026-05-05T13:29:59.160474,2026-05-05T13:29:54.840098+01:00,gbp,1.3545,1.35455,1.354525
2026-05-05T13:30:00.238277,2026-05-05T13:29:54.840098+01:00,gbp,1.3545,1.35455,1.354525
2026-05-05T13:30:01.323457,2026-05-05T13:29:54.840098+01:00,gbp,1.3545,1.35455,1.354525
2026-05-05T13:30:02.386456,2026-05-05T13:29:54.840098+01:00,gbp,1.3545,1.35455,1.354525
2026-05-05T13:30:03.477172,2026-05-05T13:30:03.428446+01:00,gbp,1.35445,1.3545,1.3544749999999999
2026-05-05T13:30:04.540034,2026-05-05T13:30:03.428446+01:00,gbp,1.35445,1.3545,1.3544749999999999
2026-05-05T13:30:05.573405,2026-05-05T13:30:03.428446+01:00,gbp,1.35445,1.3545,1.3544749999999999
2026-05-05T13:30:06.619414,2026-05-05T13:30:03.428446+01:00,gbp,1.35445,1.3545,1.3544749999999999
2026-05-05T13:30:07.674631,2026-05-05T13:30:03.428446+01:00,gbp,1.35445,1.3545,1.3544749999999999
2026-05-05T13:30:08.738671,2026-05-05T13:30:03.428446+01:00,gbp,1.35445,1.3545,1.3544749999999999
2026-05-05T13:30:09.809901,2026-05-05T13:30:03.428446+01:00,gbp,1.35445,1.3545,1.3544749999999999
2026-05-05T13:30:10.845537,2026-05-05T13:30:03.428446+01:00,gbp,1.35445,1.3545,1.3544749999999999
2026-05-05T13:30:11.868662,2026-05-05T13:30:03.428446+01:00,gbp,1.35445,1.3545,1.3544749999999999
2026-05-05T13:30:12.905088,2026-05-05T13:30:12.418417+01:00,gbp,1.35445,1.35455,1.3544999999999998
2026-05-05T13:30:13.946578,2026-05-05T13:30:12.418417+01:00,gbp,1.35445,1.35455,1.3544999999999998
2026-05-05T13:30:14.999582,2026-05-05T13:30:12.418417+01:00,gbp,1.35445,1.35455,1.3544999999999998
2026-05-05T13:30:16.036771,2026-05-05T13:30:12.418417+01:00,gbp,1.35445,1.35455,1.3544999999999998
2026-05-05T13:30:17.073246,2026-05-05T13:30:12.418417+01:00,gbp,1.35445,1.35455,1.3544999999999998
2026-05-05T13:30:18.119631,2026-05-05T13:30:12.418417+01:00,gbp,1.35445,1.35455,1.3544999999999998
2026-05-05T13:30:19.144065,2026-05-05T13:30:12.418417+01:00,gbp,1.35445,1.35455,1.3544999999999998
2026-05-05T13:30:20.167797,2026-05-05T13:30:12.418417+01:00,gbp,1.35445,1.35455,1.3544999999999998
2026-05-05T13:30:21.189307,2026-05-05T13:30:21.076319+01:00,gbp,1.35445,1.35455,1.3544999999999998
2026-05-05T13:30:22.229916,2026-05-05T13:30:21.076319+01:00,gbp,1.35445,1.35455,1.3544999999999998
2026-05-05T13:30:23.302896,2026-05-05T13:30:21.076319+01:00,gbp,1.35445,1.35455,1.3544999999999998
2026-05-05T13:30:24.463985,2026-05-05T13:30:21.076319+01:00,gbp,1.35445,1.35455,1.3544999999999998
2026-05-05T13:30:25.615023,2026-05-05T13:30:21.076319+01:00,gbp,1.35445,1.35455,1.3544999999999998
2026-05-05T13:30:26.749020,2026-05-05T13:30:21.076319+01:00,gbp,1.35445,1.35455,1.3544999999999998
2026-05-05T13:30:27.872483,2026-05-05T13:30:21.076319+01:00,gbp,1.35445,1.35455,1.3544999999999998
2026-05-05T13:30:28.977547,2026-05-05T13:30:21.076319+01:00,gbp,1.35445,1.35455,1.3544999999999998
2026-05-05T13:30:30.068982,2026-05-05T13:30:21.076319+01:00,gbp,1.35445,1.35455,1.3544999999999998
2026-05-05T13:30:31.191722,2026-05-05T13:30:30.406471+01:00,gbp,1.35445,1.35455,1.3544999999999998
2026-05-05T13:30:32.291759,2026-05-05T13:30:30.406471+01:00,gbp,1.35445,1.35455,1.3544999999999998
2026-05-05T13:30:33.529698,2026-05-05T13:30:30.406471+01:00,gbp,1.35445,1.35455,1.3544999999999998
2026-05-05T13:30:34.645125,2026-05-05T13:30:30.406471+01:00,gbp,1.35445,1.35455,1.3544999999999998
2026-05-05T13:30:35.793862,2026-05-05T13:30:30.406471+01:00,gbp,1.35445,1.35455,1.3544999999999998
2026-05-05T13:30:36.945256,2026-05-05T13:30:30.406471+01:00,gbp,1.35445,1.35455,1.3544999999999998
2026-05-05T13:30:37.998931,2026-05-05T13:30:30.406471+01:00,gbp,1.35445,1.35455,1.3544999999999998
2026-05-05T13:30:39.056475,2026-05-05T13:30:38.944757+01:00,gbp,1.3546,1.35465,1.354625
2026-05-05T13:30:40.187682,2026-05-05T13:30:38.944757+01:00,gbp,1.3546,1.35465,1.354625
2026-05-05T13:30:41.338526,2026-05-05T13:30:38.944757+01:00,gbp,1.3546,1.35465,1.354625
2026-05-05T13:30:42.504544,2026-05-05T13:30:38.944757+01:00,gbp,1.3546,1.35465,1.354625
2026-05-05T13:30:43.696833,2026-05-05T13:30:38.944757+01:00,gbp,1.3546,1.35465,1.354625
2026-05-05T13:30:44.913623,2026-05-05T13:30:38.944757+01:00,gbp,1.3546,1.35465,1.354625
2026-05-05T13:30:46.068355,2026-05-05T13:30:38.944757+01:00,gbp,1.3546,1.35465,1.354625
2026-05-05T13:30:47.278954,2026-05-05T13:30:38.944757+01:00,gbp,1.3546,1.35465,1.354625
2026-05-05T13:30:48.531151,2026-05-05T13:30:48.142495+01:00,gbp,1.3545,1.35455,1.354525
2026-05-05T13:30:49.854664,2026-05-05T13:30:48.142495+01:00,gbp,1.3545,1.35455,1.354525
2026-05-05T13:30:51.832939,2026-05-05T13:30:48.142495+01:00,gbp,1.3545,1.35455,1.354525
2026-05-05T13:30:56.643655,2026-05-05T13:30:48.142495+01:00,gbp,1.3545,1.35455,1.354525
2026-05-05T13:30:58.070810,2026-05-05T13:30:57.256877+01:00,gbp,1.3545,1.35455,1.354525
2026-05-05T13:31:00.168207,2026-05-05T13:30:57.256877+01:00,gbp,1.3545,1.35455,1.354525
2026-05-05T13:31:02.267833,2026-05-05T13:30:57.256877+01:00,gbp,1.3545,1.35455,1.354525
2026-05-05T13:31:04.508084,2026-05-05T13:30:57.256877+01:00,gbp,1.3545,1.35455,1.354525
2026-05-05T13:31:06.244937,2026-05-05T13:30:57.256877+01:00,gbp,1.3545,1.35455,1.354525
2026-05-05T13:31:07.337824,2026-05-05T13:31:06.736473+01:00,gbp,1.3545,1.35455,1.354525
2026-05-05T13:31:08.663617,2026-05-05T13:31:06.736473+01:00,gbp,1.3545,1.35455,1.354525
2026-05-05T13:31:10.724872,2026-05-05T13:31:06.736473+01:00,gbp,1.3545,1.35455,1.354525
2026-05-05T13:31:13.149553,2026-05-05T13:31:06.736473+01:00,gbp,1.3545,1.35455,1.354525
2026-05-05T13:31:15.140137,2026-05-05T13:31:06.736473+01:00,gbp,1.3545,1.35455,1.354525
2026-05-05T13:31:17.072434,2026-05-05T13:31:15.308384+01:00,gbp,1.3545,1.35455,1.354525
2026-05-05T13:31:19.110720,2026-05-05T13:31:15.308384+01:00,gbp,1.3545,1.35455,1.354525
2026-05-05T13:31:21.245297,2026-05-05T13:31:15.308384+01:00,gbp,1.3545,1.35455,1.354525
2026-05-05T13:31:23.284779,2026-05-05T13:31:15.308384+01:00,gbp,1.3545,1.35455,1.354525
2026-05-05T13:31:25.370194,2026-05-05T13:31:24.855270+01:00,gbp,1.3544,1.3545,1.35445
2026-05-05T13:31:27.603397,2026-05-05T13:31:24.855270+01:00,gbp,1.3544,1.3545,1.35445
2026-05-05T13:31:30.069471,2026-05-05T13:31:24.855270+01:00,gbp,1.3544,1.3545,1.35445
2026-05-05T13:31:32.336197,2026-05-05T13:31:24.855270+01:00,gbp,1.3544,1.3545,1.35445
2026-05-05T13:31:34.780920,2026-05-05T13:31:33.412962+01:00,gbp,1.3545,1.35455,1.354525
2026-05-05T13:31:36.951766,2026-05-05T13:31:33.412962+01:00,gbp,1.3545,1.35455,1.354525
2026-05-05T13:31:39.402816,2026-05-05T13:31:33.412962+01:00,gbp,1.3545,1.35455,1.354525
2026-05-05T13:31:41.671381,2026-05-05T13:31:33.412962+01:00,gbp,1.3545,1.35455,1.354525
2026-05-05T13:31:43.856790,2026-05-05T13:31:42.441384+01:00,gbp,1.35455,1.3546,1.354575
2026-05-05T13:31:45.949006,2026-05-05T13:31:42.441384+01:00,gbp,1.35455,1.3546,1.354575
2026-05-05T13:31:48.154576,2026-05-05T13:31:42.441384+01:00,gbp,1.35455,1.3546,1.354575
2026-05-05T13:31:50.530334,2026-05-05T13:31:42.441384+01:00,gbp,1.35455,1.3546,1.354575
2026-05-05T13:31:52.692385,2026-05-05T13:31:51.460838+01:00,gbp,1.3545,1.35455,1.354525
2026-05-05T13:31:55.155043,2026-05-05T13:31:51.460838+01:00,gbp,1.3545,1.35455,1.354525
2026-05-05T13:31:57.423348,2026-05-05T13:31:51.460838+01:00,gbp,1.3545,1.35455,1.354525
2026-05-05T13:31:59.872780,2026-05-05T13:31:51.460838+01:00,gbp,1.3545,1.35455,1.354525
2026-05-05T13:32:02.111092,2026-05-05T13:32:00.036897+01:00,gbp,1.35445,1.35455,1.3544999999999998
2026-05-05T13:32:04.082658,2026-05-05T13:32:00.036897+01:00,gbp,1.35445,1.35455,1.3544999999999998
2026-05-05T13:32:06.196187,2026-05-05T13:32:00.036897+01:00,gbp,1.35445,1.35455,1.3544999999999998
2026-05-05T13:32:08.447276,2026-05-05T13:32:00.036897+01:00,gbp,1.35445,1.35455,1.3544999999999998
2026-05-05T13:32:10.712359,2026-05-05T13:32:08.800263+01:00,gbp,1.3545,1.35455,1.354525
2026-05-05T13:32:12.899742,2026-05-05T13:32:08.800263+01:00,gbp,1.3545,1.35455,1.354525
2026-05-05T13:32:15.164786,2026-05-05T13:32:08.800263+01:00,gbp,1.3545,1.35455,1.354525
2026-05-05T13:32:17.508391,2026-05-05T13:32:08.800263+01:00,gbp,1.3545,1.35455,1.354525
2026-05-05T13:32:19.797332,2026-05-05T13:32:17.550986+01:00,gbp,1.3544,1.3545,1.35445
2026-05-05T13:32:22.164725,2026-05-05T13:32:17.550986+01:00,gbp,1.3544,1.3545,1.35445
2026-05-05T13:32:24.392539,2026-05-05T13:32:17.550986+01:00,gbp,1.3544,1.3545,1.35445
2026-05-05T13:32:26.735560,2026-05-05T13:32:26.447875+01:00,gbp,1.3544,1.35445,1.354425
2026-05-05T13:32:28.903052,2026-05-05T13:32:26.447875+01:00,gbp,1.3544,1.35445,1.354425
2026-05-05T13:32:31.060208,2026-05-05T13:32:26.447875+01:00,gbp,1.3544,1.35445,1.354425
2026-05-05T13:32:32.927447,2026-05-05T13:32:26.447875+01:00,gbp,1.3544,1.35445,1.354425
2026-05-05T13:32:35.030373,2026-05-05T13:32:26.447875+01:00,gbp,1.3544,1.35445,1.354425
2026-05-05T13:32:37.539791,2026-05-05T13:32:36.145823+01:00,gbp,1.3544,1.35445,1.354425
2026-05-05T13:32:39.701992,2026-05-05T13:32:36.145823+01:00,gbp,1.3544,1.35445,1.354425
2026-05-05T13:32:41.747907,2026-05-05T13:32:36.145823+01:00,gbp,1.3544,1.35445,1.354425
2026-05-05T13:32:43.734530,2026-05-05T13:32:36.145823+01:00,gbp,1.3544,1.35445,1.354425
2026-05-05T13:32:45.908569,2026-05-05T13:32:44.779078+01:00,gbp,1.3544,1.3545,1.35445
2026-05-05T13:32:48.212528,2026-05-05T13:32:44.779078+01:00,gbp,1.3544,1.3545,1.35445
2026-05-05T13:32:50.336750,2026-05-05T13:32:44.779078+01:00,gbp,1.3544,1.3545,1.35445
2026-05-05T13:32:52.299188,2026-05-05T13:32:44.779078+01:00,gbp,1.3544,1.3545,1.35445
2026-05-05T13:32:54.308156,2026-05-05T13:32:53.574596+01:00,gbp,1.35445,1.3545,1.3544749999999999
2026-05-05T13:32:56.609472,2026-05-05T13:32:53.574596+01:00,gbp,1.35445,1.3545,1.3544749999999999
2026-05-05T13:32:58.495392,2026-05-05T13:32:53.574596+01:00,gbp,1.35445,1.3545,1.3544749999999999
2026-05-05T13:33:00.417860,2026-05-05T13:32:53.574596+01:00,gbp,1.35445,1.3545,1.3544749999999999
2026-05-05T13:33:02.504990,2026-05-05T13:33:02.301019+01:00,gbp,1.3544,1.35445,1.354425
2026-05-05T13:33:04.754510,2026-05-05T13:33:02.301019+01:00,gbp,1.3544,1.35445,1.354425
2026-05-05T13:33:06.692887,2026-05-05T13:33:02.301019+01:00,gbp,1.3544,1.35445,1.354425
2026-05-05T13:33:09.089879,2026-05-05T13:33:02.301019+01:00,gbp,1.3544,1.35445,1.354425
2026-05-05T13:33:11.754341,2026-05-05T13:33:02.301019+01:00,gbp,1.3544,1.35445,1.354425
2026-05-05T13:33:13.959615,2026-05-05T13:33:11.718774+01:00,gbp,1.3544,1.3545,1.35445
2026-05-05T13:33:16.174572,2026-05-05T13:33:11.718774+01:00,gbp,1.3544,1.3545,1.35445
2026-05-05T13:33:18.282315,2026-05-05T13:33:11.718774+01:00,gbp,1.3544,1.3545,1.35445
2026-05-05T13:33:20.577817,2026-05-05T13:33:19.681986+01:00,gbp,1.3544,1.3545,1.35445
2026-05-05T13:33:22.588500,2026-05-05T13:33:19.681986+01:00,gbp,1.3544,1.3545,1.35445
2026-05-05T13:33:24.553932,2026-05-05T13:33:19.681986+01:00,gbp,1.3544,1.3545,1.35445
2026-05-05T13:33:26.446717,2026-05-05T13:33:19.681986+01:00,gbp,1.3544,1.3545,1.35445
2026-05-05T13:33:27.549894,2026-05-05T13:33:19.681986+01:00,gbp,1.3544,1.3545,1.35445
2026-05-05T13:33:28.639480,2026-05-05T13:33:28.504493+01:00,gbp,1.35435,1.3544,1.354375
2026-05-05T13:33:29.768454,2026-05-05T13:33:28.504493+01:00,gbp,1.35435,1.3544,1.354375
2026-05-05T13:33:30.914704,2026-05-05T13:33:28.504493+01:00,gbp,1.35435,1.3544,1.354375
2026-05-05T13:33:32.053191,2026-05-05T13:33:28.504493+01:00,gbp,1.35435,1.3544,1.354375
2026-05-05T13:33:33.206712,2026-05-05T13:33:28.504493+01:00,gbp,1.35435,1.3544,1.354375
2026-05-05T13:33:34.337593,2026-05-05T13:33:28.504493+01:00,gbp,1.35435,1.3544,1.354375
2026-05-05T13:33:35.492676,2026-05-05T13:33:28.504493+01:00,gbp,1.35435,1.3544,1.354375
2026-05-05T13:33:36.608293,2026-05-05T13:33:28.504493+01:00,gbp,1.35435,1.3544,1.354375
2026-05-05T13:33:37.741741,2026-05-05T13:33:37.214344+01:00,gbp,1.35435,1.3544,1.354375
2026-05-05T13:33:38.850024,2026-05-05T13:33:37.214344+01:00,gbp,1.35435,1.3544,1.354375
2026-05-05T13:33:40.017147,2026-05-05T13:33:37.214344+01:00,gbp,1.35435,1.3544,1.354375
2026-05-05T13:33:41.118331,2026-05-05T13:33:37.214344+01:00,gbp,1.35435,1.3544,1.354375
2026-05-05T13:33:42.236150,2026-05-05T13:33:37.214344+01:00,gbp,1.35435,1.3544,1.354375
2026-05-05T13:33:43.340808,2026-05-05T13:33:37.214344+01:00,gbp,1.35435,1.3544,1.354375
2026-05-05T13:33:44.449326,2026-05-05T13:33:37.214344+01:00,gbp,1.35435,1.3544,1.354375
2026-05-05T13:33:45.514613,2026-05-05T13:33:37.214344+01:00,gbp,1.35435,1.3544,1.354375
2026-05-05T13:33:46.603735,2026-05-05T13:33:46.357407+01:00,gbp,1.3543,1.35435,1.354325
2026-05-05T13:33:47.701637,2026-05-05T13:33:46.357407+01:00,gbp,1.3543,1.35435,1.354325
2026-05-05T13:33:48.804738,2026-05-05T13:33:46.357407+01:00,gbp,1.3543,1.35435,1.354325
2026-05-05T13:33:49.979874,2026-05-05T13:33:46.357407+01:00,gbp,1.3543,1.35435,1.354325
2026-05-05T13:33:51.068950,2026-05-05T13:33:46.357407+01:00,gbp,1.3543,1.35435,1.354325
2026-05-05T13:33:52.205934,2026-05-05T13:33:46.357407+01:00,gbp,1.3543,1.35435,1.354325
2026-05-05T13:33:53.379874,2026-05-05T13:33:46.357407+01:00,gbp,1.3543,1.35435,1.354325
2026-05-05T13:33:54.552232,2026-05-05T13:33:46.357407+01:00,gbp,1.3543,1.35435,1.354325
2026-05-05T13:33:55.723644,2026-05-05T13:33:55.053151+01:00,gbp,1.35435,1.3544,1.354375
2026-05-05T13:33:56.851354,2026-05-05T13:33:55.053151+01:00,gbp,1.35435,1.3544,1.354375
2026-05-05T13:33:57.978354,2026-05-05T13:33:55.053151+01:00,gbp,1.35435,1.3544,1.354375
2026-05-05T13:33:59.098405,2026-05-05T13:33:55.053151+01:00,gbp,1.35435,1.3544,1.354375
2026-05-05T13:34:00.226393,2026-05-05T13:33:55.053151+01:00,gbp,1.35435,1.3544,1.354375
2026-05-05T13:34:01.375587,2026-05-05T13:33:55.053151+01:00,gbp,1.35435,1.3544,1.354375
2026-05-05T13:34:02.547001,2026-05-05T13:33:55.053151+01:00,gbp,1.35435,1.3544,1.354375
2026-05-05T13:34:03.722979,2026-05-05T13:33:55.053151+01:00,gbp,1.35435,1.3544,1.354375
2026-05-05T13:34:04.962051,2026-05-05T13:33:55.053151+01:00,gbp,1.35435,1.3544,1.354375
2026-05-05T13:34:06.177688,2026-05-05T13:33:55.053151+01:00,gbp,1.35435,1.3544,1.354375
2026-05-05T13:34:07.247347,2026-05-05T13:33:55.053151+01:00,gbp,1.35435,1.3544,1.354375
2026-05-05T13:34:08.384642,2026-05-05T13:33:55.053151+01:00,gbp,1.35435,1.3544,1.354375
2026-05-05T13:34:09.570062,2026-05-05T13:33:55.053151+01:00,gbp,1.35435,1.3544,1.354375
2026-05-05T13:34:10.776197,2026-05-05T13:33:55.053151+01:00,gbp,1.35435,1.3544,1.354375
2026-05-05T13:34:11.949983,2026-05-05T13:33:55.053151+01:00,gbp,1.35435,1.3544,1.354375
2026-05-05T13:34:13.279735,2026-05-05T13:33:55.053151+01:00,gbp,1.35435,1.3544,1.354375
2026-05-05T13:34:14.394917,2026-05-05T13:33:55.053151+01:00,gbp,1.35435,1.3544,1.354375
2026-05-05T13:34:15.530426,2026-05-05T13:33:55.053151+01:00,gbp,1.35435,1.3544,1.354375
2026-05-05T13:34:16.734812,2026-05-05T13:33:55.053151+01:00,gbp,1.35435,1.3544,1.354375
2026-05-05T13:34:17.893930,2026-05-05T13:33:55.053151+01:00,gbp,1.35435,1.3544,1.354375
2026-05-05T13:34:19.022663,2026-05-05T13:33:55.053151+01:00,gbp,1.35435,1.3544,1.354375
2026-05-05T13:34:20.104615,2026-05-05T13:33:55.053151+01:00,gbp,1.35435,1.3544,1.354375
2026-05-05T13:34:21.246106,2026-05-05T13:33:55.053151+01:00,gbp,1.35435,1.3544,1.354375
2026-05-05T13:34:22.394016,2026-05-05T13:33:55.053151+01:00,gbp,1.35435,1.3544,1.354375
2026-05-05T13:34:23.468809,2026-05-05T13:33:55.053151+01:00,gbp,1.35435,1.3544,1.354375
2026-05-05T13:34:24.571335,2026-05-05T13:33:55.053151+01:00,gbp,1.35435,1.3544,1.354375
2026-05-05T13:34:25.646445,2026-05-05T13:33:55.053151+01:00,gbp,1.35435,1.3544,1.354375
2026-05-05T13:34:26.751627,2026-05-05T13:33:55.053151+01:00,gbp,1.35435,1.3544,1.354375
2026-05-05T13:34:27.886955,2026-05-05T13:33:55.053151+01:00,gbp,1.35435,1.3544,1.354375
2026-05-05T13:34:28.983504,2026-05-05T13:34:28.677388+01:00,gbp,1.3544,1.35445,1.354425
2026-05-05T13:34:30.086350,2026-05-05T13:34:28.677388+01:00,gbp,1.3544,1.35445,1.354425
2026-05-05T13:34:31.315685,2026-05-05T13:34:28.677388+01:00,gbp,1.3544,1.35445,1.354425
2026-05-05T13:34:32.496912,2026-05-05T13:34:28.677388+01:00,gbp,1.3544,1.35445,1.354425
2026-05-05T13:34:33.638872,2026-05-05T13:34:28.677388+01:00,gbp,1.3544,1.35445,1.354425
2026-05-05T13:34:34.745577,2026-05-05T13:34:28.677388+01:00,gbp,1.3544,1.35445,1.354425
2026-05-05T13:34:35.808200,2026-05-05T13:34:28.677388+01:00,gbp,1.3544,1.35445,1.354425
2026-05-05T13:34:36.928100,2026-05-05T13:34:28.677388+01:00,gbp,1.3544,1.35445,1.354425
2026-05-05T13:34:38.045508,2026-05-05T13:34:36.962693+01:00,gbp,1.35435,1.3544,1.354375
2026-05-05T13:34:39.193208,2026-05-05T13:34:36.962693+01:00,gbp,1.35435,1.3544,1.354375
2026-05-05T13:34:40.296607,2026-05-05T13:34:36.962693+01:00,gbp,1.35435,1.3544,1.354375
2026-05-05T13:34:41.394483,2026-05-05T13:34:36.962693+01:00,gbp,1.35435,1.3544,1.354375
2026-05-05T13:34:42.471041,2026-05-05T13:34:36.962693+01:00,gbp,1.35435,1.3544,1.354375
2026-05-05T13:34:43.647621,2026-05-05T13:34:36.962693+01:00,gbp,1.35435,1.3544,1.354375
2026-05-05T13:34:44.767529,2026-05-05T13:34:36.962693+01:00,gbp,1.35435,1.3544,1.354375
2026-05-05T13:34:45.931994,2026-05-05T13:34:45.713839+01:00,gbp,1.3543,1.3544,1.3543500000000002
2026-05-05T13:34:47.080807,2026-05-05T13:34:45.713839+01:00,gbp,1.3543,1.3544,1.3543500000000002
2026-05-05T13:34:48.220844,2026-05-05T13:34:45.713839+01:00,gbp,1.3543,1.3544,1.3543500000000002
2026-05-05T13:34:49.353666,2026-05-05T13:34:45.713839+01:00,gbp,1.3543,1.3544,1.3543500000000002
2026-05-05T13:34:50.517949,2026-05-05T13:34:45.713839+01:00,gbp,1.3543,1.3544,1.3543500000000002
2026-05-05T13:34:51.647587,2026-05-05T13:34:45.713839+01:00,gbp,1.3543,1.3544,1.3543500000000002
2026-05-05T13:34:52.978420,2026-05-05T13:34:45.713839+01:00,gbp,1.3543,1.3544,1.3543500000000002
2026-05-05T13:34:54.286639,2026-05-05T13:34:45.713839+01:00,gbp,1.3543,1.3544,1.3543500000000002
2026-05-05T13:34:55.501764,2026-05-05T13:34:54.906964+01:00,gbp,1.35425,1.3543,1.354275
2026-05-05T13:34:56.714867,2026-05-05T13:34:54.906964+01:00,gbp,1.35425,1.3543,1.354275
2026-05-05T13:34:57.977279,2026-05-05T13:34:54.906964+01:00,gbp,1.35425,1.3543,1.354275
2026-05-05T13:34:59.115439,2026-05-05T13:34:54.906964+01:00,gbp,1.35425,1.3543,1.354275
2026-05-05T13:35:00.288792,2026-05-05T13:34:54.906964+01:00,gbp,1.35425,1.3543,1.354275
2026-05-05T13:35:01.789411,2026-05-05T13:34:54.906964+01:00,gbp,1.35425,1.3543,1.354275
2026-05-05T13:35:03.572156,2026-05-05T13:34:54.906964+01:00,gbp,1.35425,1.3543,1.354275
2026-05-05T13:35:05.360278,2026-05-05T13:35:04.610532+01:00,gbp,1.3543,1.35435,1.354325
2026-05-05T13:35:06.677484,2026-05-05T13:35:04.610532+01:00,gbp,1.3543,1.35435,1.354325
2026-05-05T13:35:07.924452,2026-05-05T13:35:04.610532+01:00,gbp,1.3543,1.35435,1.354325
2026-05-05T13:35:09.261722,2026-05-05T13:35:04.610532+01:00,gbp,1.3543,1.35435,1.354325
2026-05-05T13:35:11.191907,2026-05-05T13:35:04.610532+01:00,gbp,1.3543,1.35435,1.354325
2026-05-05T13:35:13.689199,2026-05-05T13:35:13.559524+01:00,gbp,1.3543,1.35435,1.354325
2026-05-05T13:35:15.821557,2026-05-05T13:35:13.559524+01:00,gbp,1.3543,1.35435,1.354325
2026-05-05T13:35:17.380013,2026-05-05T13:35:13.559524+01:00,gbp,1.3543,1.35435,1.354325
2026-05-05T13:35:18.616734,2026-05-05T13:35:13.559524+01:00,gbp,1.3543,1.35435,1.354325
2026-05-05T13:35:20.048881,2026-05-05T13:35:13.559524+01:00,gbp,1.3543,1.35435,1.354325
2026-05-05T13:35:22.305393,2026-05-05T13:35:22.137287+01:00,gbp,1.35425,1.3543,1.354275
2026-05-05T13:35:24.548446,2026-05-05T13:35:22.137287+01:00,gbp,1.35425,1.3543,1.354275
2026-05-05T13:35:26.773984,2026-05-05T13:35:22.137287+01:00,gbp,1.35425,1.3543,1.354275
2026-05-05T13:35:29.405286,2026-05-05T13:35:22.137287+01:00,gbp,1.35425,1.3543,1.354275
2026-05-05T13:35:31.596107,2026-05-05T13:35:31.032700+01:00,gbp,1.35425,1.35435,1.3542999999999998
2026-05-05T13:35:33.608733,2026-05-05T13:35:31.032700+01:00,gbp,1.35425,1.35435,1.3542999999999998
2026-05-05T13:35:35.654512,2026-05-05T13:35:31.032700+01:00,gbp,1.35425,1.35435,1.3542999999999998
2026-05-05T13:35:38.054629,2026-05-05T13:35:31.032700+01:00,gbp,1.35425,1.35435,1.3542999999999998
2026-05-05T13:35:40.167366,2026-05-05T13:35:31.032700+01:00,gbp,1.35425,1.35435,1.3542999999999998
2026-05-05T13:35:42.260127,2026-05-05T13:35:40.449346+01:00,gbp,1.3542,1.35425,1.354225
2026-05-05T13:35:44.579469,2026-05-05T13:35:40.449346+01:00,gbp,1.3542,1.35425,1.354225
2026-05-05T13:35:46.988716,2026-05-05T13:35:40.449346+01:00,gbp,1.3542,1.35425,1.354225
2026-05-05T13:35:49.376611,2026-05-05T13:35:49.150664+01:00,gbp,1.3542,1.35425,1.354225
2026-05-05T13:35:51.806371,2026-05-05T13:35:49.150664+01:00,gbp,1.3542,1.35425,1.354225
2026-05-05T13:35:54.426944,2026-05-05T13:35:49.150664+01:00,gbp,1.3542,1.35425,1.354225
2026-05-05T13:35:57.171190,2026-05-05T13:35:49.150664+01:00,gbp,1.3542,1.35425,1.354225
2026-05-05T13:35:59.673350,2026-05-05T13:35:58.571066+01:00,gbp,1.3542,1.35425,1.354225
2026-05-05T13:36:01.786324,2026-05-05T13:35:58.571066+01:00,gbp,1.3542,1.35425,1.354225
2026-05-05T13:36:03.956949,2026-05-05T13:35:58.571066+01:00,gbp,1.3542,1.35425,1.354225
2026-05-05T13:36:06.482734,2026-05-05T13:35:58.571066+01:00,gbp,1.3542,1.35425,1.354225
2026-05-05T13:36:09.158648,2026-05-05T13:36:07.153879+01:00,gbp,1.3542,1.35425,1.354225
2026-05-05T13:36:11.410122,2026-05-05T13:36:07.153879+01:00,gbp,1.3542,1.35425,1.354225
2026-05-05T13:36:13.334759,2026-05-05T13:36:07.153879+01:00,gbp,1.3542,1.35425,1.354225
2026-05-05T13:36:15.674100,2026-05-05T13:36:07.153879+01:00,gbp,1.3542,1.35425,1.354225
2026-05-05T13:36:18.179519,2026-05-05T13:36:16.262545+01:00,gbp,1.35415,1.3542,1.3541750000000001
2026-05-05T13:36:21.935388,2026-05-05T13:36:16.262545+01:00,gbp,1.35415,1.3542,1.3541750000000001
2026-05-05T13:36:26.153687,2026-05-05T13:36:25.024510+01:00,gbp,1.3542,1.35425,1.354225
2026-05-05T13:36:28.538135,2026-05-05T13:36:25.024510+01:00,gbp,1.3542,1.35425,1.354225
2026-05-05T13:36:30.940520,2026-05-05T13:36:25.024510+01:00,gbp,1.3542,1.35425,1.354225
2026-05-05T13:36:33.350797,2026-05-05T13:36:25.024510+01:00,gbp,1.3542,1.35425,1.354225
2026-05-05T13:36:35.594489,2026-05-05T13:36:34.043727+01:00,gbp,1.3542,1.35425,1.354225
2026-05-05T13:36:37.898062,2026-05-05T13:36:34.043727+01:00,gbp,1.3542,1.35425,1.354225
2026-05-05T13:36:40.014089,2026-05-05T13:36:34.043727+01:00,gbp,1.3542,1.35425,1.354225
2026-05-05T13:36:42.285105,2026-05-05T13:36:34.043727+01:00,gbp,1.3542,1.35425,1.354225
2026-05-05T13:36:44.640242,2026-05-05T13:36:42.361547+01:00,gbp,1.3542,1.35425,1.354225
2026-05-05T13:36:46.666622,2026-05-05T13:36:42.361547+01:00,gbp,1.3542,1.35425,1.354225
2026-05-05T13:36:48.763357,2026-05-05T13:36:42.361547+01:00,gbp,1.3542,1.35425,1.354225
2026-05-05T13:36:51.116099,2026-05-05T13:36:50.998535+01:00,gbp,1.35415,1.3542,1.3541750000000001
2026-05-05T13:36:53.182296,2026-05-05T13:36:50.998535+01:00,gbp,1.35415,1.3542,1.3541750000000001
2026-05-05T13:36:55.172256,2026-05-05T13:36:50.998535+01:00,gbp,1.35415,1.3542,1.3541750000000001
2026-05-05T13:36:57.272438,2026-05-05T13:36:50.998535+01:00,gbp,1.35415,1.3542,1.3541750000000001
2026-05-05T13:36:59.734771,2026-05-05T13:36:50.998535+01:00,gbp,1.35415,1.3542,1.3541750000000001
2026-05-05T13:37:01.918523,2026-05-05T13:37:00.982457+01:00,gbp,1.3542,1.35425,1.354225
2026-05-05T13:37:04.329930,2026-05-05T13:37:00.982457+01:00,gbp,1.3542,1.35425,1.354225
2026-05-05T13:37:06.641989,2026-05-05T13:37:00.982457+01:00,gbp,1.3542,1.35425,1.354225
2026-05-05T13:37:09.027334,2026-05-05T13:37:00.982457+01:00,gbp,1.3542,1.35425,1.354225
2026-05-05T13:37:11.423975,2026-05-05T13:37:09.203426+01:00,gbp,1.35415,1.3542,1.3541750000000001
2026-05-05T13:37:13.527802,2026-05-05T13:37:09.203426+01:00,gbp,1.35415,1.3542,1.3541750000000001
2026-05-05T13:37:15.932047,2026-05-05T13:37:09.203426+01:00,gbp,1.35415,1.3542,1.3541750000000001
2026-05-05T13:37:18.169813,2026-05-05T13:37:09.203426+01:00,gbp,1.35415,1.3542,1.3541750000000001
2026-05-05T13:37:20.367254,2026-05-05T13:37:18.391280+01:00,gbp,1.3542,1.35425,1.354225
2026-05-05T13:37:22.543394,2026-05-05T13:37:18.391280+01:00,gbp,1.3542,1.35425,1.354225
2026-05-05T13:37:24.767885,2026-05-05T13:37:18.391280+01:00,gbp,1.3542,1.35425,1.354225
2026-05-05T13:37:26.903223,2026-05-05T13:37:18.391280+01:00,gbp,1.3542,1.35425,1.354225
2026-05-05T13:37:29.591272,2026-05-05T13:37:27.258840+01:00,gbp,1.3542,1.3543,1.35425
2026-05-05T13:37:31.938714,2026-05-05T13:37:27.258840+01:00,gbp,1.3542,1.3543,1.35425
2026-05-05T13:37:34.214130,2026-05-05T13:37:27.258840+01:00,gbp,1.3542,1.3543,1.35425
2026-05-05T13:37:36.492682,2026-05-05T13:37:35.806178+01:00,gbp,1.35425,1.35435,1.3542999999999998
2026-05-05T13:37:38.762327,2026-05-05T13:37:35.806178+01:00,gbp,1.35425,1.35435,1.3542999999999998
2026-05-05T13:37:41.085017,2026-05-05T13:37:35.806178+01:00,gbp,1.35425,1.35435,1.3542999999999998
2026-05-05T13:37:43.241043,2026-05-05T13:37:35.806178+01:00,gbp,1.35425,1.35435,1.3542999999999998
2026-05-05T13:37:44.796437,2026-05-05T13:37:44.032072+01:00,gbp,1.3543,1.35435,1.354325
2026-05-05T13:37:45.957617,2026-05-05T13:37:44.032072+01:00,gbp,1.3543,1.35435,1.354325
2026-05-05T13:37:47.099647,2026-05-05T13:37:44.032072+01:00,gbp,1.3543,1.35435,1.354325
2026-05-05T13:37:48.213767,2026-05-05T13:37:44.032072+01:00,gbp,1.3543,1.35435,1.354325
2026-05-05T13:37:49.374882,2026-05-05T13:37:44.032072+01:00,gbp,1.3543,1.35435,1.354325
2026-05-05T13:37:50.497648,2026-05-05T13:37:44.032072+01:00,gbp,1.3543,1.35435,1.354325
2026-05-05T13:37:51.564072,2026-05-05T13:37:44.032072+01:00,gbp,1.3543,1.35435,1.354325
2026-05-05T13:37:52.657683,2026-05-05T13:37:44.032072+01:00,gbp,1.3543,1.35435,1.354325
2026-05-05T13:37:53.763436,2026-05-05T13:37:53.314496+01:00,gbp,1.35425,1.3543,1.354275
2026-05-05T13:37:54.874653,2026-05-05T13:37:53.314496+01:00,gbp,1.35425,1.3543,1.354275
2026-05-05T13:37:55.990827,2026-05-05T13:37:53.314496+01:00,gbp,1.35425,1.3543,1.354275
2026-05-05T13:37:57.099681,2026-05-05T13:37:53.314496+01:00,gbp,1.35425,1.3543,1.354275
2026-05-05T13:37:58.218630,2026-05-05T13:37:53.314496+01:00,gbp,1.35425,1.3543,1.354275
2026-05-05T13:37:59.478096,2026-05-05T13:37:53.314496+01:00,gbp,1.35425,1.3543,1.354275
2026-05-05T13:38:00.584326,2026-05-05T13:37:53.314496+01:00,gbp,1.35425,1.3543,1.354275
2026-05-05T13:38:01.696452,2026-05-05T13:37:53.314496+01:00,gbp,1.35425,1.3543,1.354275
2026-05-05T13:38:02.817196,2026-05-05T13:38:02.439214+01:00,gbp,1.35425,1.35435,1.3542999999999998
2026-05-05T13:38:03.932695,2026-05-05T13:38:02.439214+01:00,gbp,1.35425,1.35435,1.3542999999999998
2026-05-05T13:38:05.050709,2026-05-05T13:38:02.439214+01:00,gbp,1.35425,1.35435,1.3542999999999998
2026-05-05T13:38:06.154596,2026-05-05T13:38:02.439214+01:00,gbp,1.35425,1.35435,1.3542999999999998
2026-05-05T13:38:07.259438,2026-05-05T13:38:02.439214+01:00,gbp,1.35425,1.35435,1.3542999999999998
2026-05-05T13:38:08.366569,2026-05-05T13:38:02.439214+01:00,gbp,1.35425,1.35435,1.3542999999999998
2026-05-05T13:38:09.487265,2026-05-05T13:38:02.439214+01:00,gbp,1.35425,1.35435,1.3542999999999998
2026-05-05T13:38:10.602875,2026-05-05T13:38:02.439214+01:00,gbp,1.35425,1.35435,1.3542999999999998
2026-05-05T13:38:11.707313,2026-05-05T13:38:10.951884+01:00,gbp,1.35425,1.3543,1.354275
2026-05-05T13:38:12.827471,2026-05-05T13:38:10.951884+01:00,gbp,1.35425,1.3543,1.354275
2026-05-05T13:38:13.964354,2026-05-05T13:38:10.951884+01:00,gbp,1.35425,1.3543,1.354275
2026-05-05T13:38:15.074429,2026-05-05T13:38:10.951884+01:00,gbp,1.35425,1.3543,1.354275
2026-05-05T13:38:16.134953,2026-05-05T13:38:10.951884+01:00,gbp,1.35425,1.3543,1.354275
2026-05-05T13:38:17.207105,2026-05-05T13:38:10.951884+01:00,gbp,1.35425,1.3543,1.354275
2026-05-05T13:38:18.307988,2026-05-05T13:38:10.951884+01:00,gbp,1.35425,1.3543,1.354275
2026-05-05T13:38:19.364880,2026-05-05T13:38:10.951884+01:00,gbp,1.35425,1.3543,1.354275
2026-05-05T13:38:20.471411,2026-05-05T13:38:20.004278+01:00,gbp,1.3543,1.35435,1.354325
2026-05-05T13:38:21.513306,2026-05-05T13:38:20.004278+01:00,gbp,1.3543,1.35435,1.354325
2026-05-05T13:38:22.598897,2026-05-05T13:38:20.004278+01:00,gbp,1.3543,1.35435,1.354325
2026-05-05T13:38:23.684245,2026-05-05T13:38:20.004278+01:00,gbp,1.3543,1.35435,1.354325
2026-05-05T13:38:24.761119,2026-05-05T13:38:20.004278+01:00,gbp,1.3543,1.35435,1.354325
2026-05-05T13:38:25.831062,2026-05-05T13:38:20.004278+01:00,gbp,1.3543,1.35435,1.354325
2026-05-05T13:38:26.913465,2026-05-05T13:38:20.004278+01:00,gbp,1.3543,1.35435,1.354325
2026-05-05T13:38:27.972080,2026-05-05T13:38:20.004278+01:00,gbp,1.3543,1.35435,1.354325
2026-05-05T13:38:29.031839,2026-05-05T13:38:28.966947+01:00,gbp,1.35425,1.3543,1.354275
2026-05-05T13:38:30.103890,2026-05-05T13:38:28.966947+01:00,gbp,1.35425,1.3543,1.354275
2026-05-05T13:38:31.202622,2026-05-05T13:38:28.966947+01:00,gbp,1.35425,1.3543,1.354275
2026-05-05T13:38:32.286593,2026-05-05T13:38:28.966947+01:00,gbp,1.35425,1.3543,1.354275
2026-05-05T13:38:33.383210,2026-05-05T13:38:28.966947+01:00,gbp,1.35425,1.3543,1.354275
2026-05-05T13:38:34.454760,2026-05-05T13:38:28.966947+01:00,gbp,1.35425,1.3543,1.354275
2026-05-05T13:38:35.498425,2026-05-05T13:38:28.966947+01:00,gbp,1.35425,1.3543,1.354275
2026-05-05T13:38:36.577761,2026-05-05T13:38:28.966947+01:00,gbp,1.35425,1.3543,1.354275
2026-05-05T13:38:37.637479,2026-05-05T13:38:37.612235+01:00,gbp,1.3543,1.35435,1.354325
2026-05-05T13:38:38.673071,2026-05-05T13:38:37.612235+01:00,gbp,1.3543,1.35435,1.354325
2026-05-05T13:38:39.706584,2026-05-05T13:38:37.612235+01:00,gbp,1.3543,1.35435,1.354325
2026-05-05T13:38:40.741164,2026-05-05T13:38:37.612235+01:00,gbp,1.3543,1.35435,1.354325
2026-05-05T13:48:57.844887,2026-05-05T13:48:52.266186+01:00,gbp,1.35415,1.3542,1.3541750000000001
2026-05-05T13:48:59.028938,2026-05-05T13:48:52.266186+01:00,gbp,1.35415,1.3542,1.3541750000000001
2026-05-05T13:49:00.112852,2026-05-05T13:48:52.266186+01:00,gbp,1.35415,1.3542,1.3541750000000001
2026-05-05T13:49:01.156308,2026-05-05T13:48:52.266186+01:00,gbp,1.35415,1.3542,1.3541750000000001
2026-05-05T13:49:02.352895,2026-05-05T13:49:01.539439+01:00,gbp,1.3541,1.35415,1.354125
2026-05-05T13:49:03.387910,2026-05-05T13:49:01.539439+01:00,gbp,1.3541,1.35415,1.354125
2026-05-05T13:49:04.570262,2026-05-05T13:49:01.539439+01:00,gbp,1.3541,1.35415,1.354125
2026-05-05T13:49:05.675514,2026-05-05T13:49:01.539439+01:00,gbp,1.3541,1.35415,1.354125
2026-05-05T13:49:06.760722,2026-05-05T13:49:01.539439+01:00,gbp,1.3541,1.35415,1.354125
2026-05-05T13:49:07.903764,2026-05-05T13:49:01.539439+01:00,gbp,1.3541,1.35415,1.354125
2026-05-05T13:49:09.030905,2026-05-05T13:49:01.539439+01:00,gbp,1.3541,1.35415,1.354125
2026-05-05T13:49:10.140265,2026-05-05T13:49:01.539439+01:00,gbp,1.3541,1.35415,1.354125
2026-05-05T13:49:11.224435,2026-05-05T13:49:10.772916+01:00,gbp,1.35405,1.3541,1.354075
2026-05-05T13:49:12.280600,2026-05-05T13:49:10.772916+01:00,gbp,1.35405,1.3541,1.354075
2026-05-05T13:49:13.434099,2026-05-05T13:49:10.772916+01:00,gbp,1.35405,1.3541,1.354075
2026-05-05T13:49:14.472183,2026-05-05T13:49:10.772916+01:00,gbp,1.35405,1.3541,1.354075
2026-05-05T13:49:15.607974,2026-05-05T13:49:10.772916+01:00,gbp,1.35405,1.3541,1.354075
2026-05-05T13:49:16.746687,2026-05-05T13:49:10.772916+01:00,gbp,1.35405,1.3541,1.354075
2026-05-05T13:49:17.954405,2026-05-05T13:49:10.772916+01:00,gbp,1.35405,1.3541,1.354075
2026-05-05T13:49:19.123445,2026-05-05T13:49:10.772916+01:00,gbp,1.35405,1.3541,1.354075
2026-05-05T13:49:20.253801,2026-05-05T13:49:19.678522+01:00,gbp,1.35405,1.35415,1.3540999999999999
2026-05-05T13:49:21.349153,2026-05-05T13:49:19.678522+01:00,gbp,1.35405,1.35415,1.3540999999999999
2026-05-05T13:49:22.640072,2026-05-05T13:49:19.678522+01:00,gbp,1.35405,1.35415,1.3540999999999999
2026-05-05T13:49:23.807451,2026-05-05T13:49:19.678522+01:00,gbp,1.35405,1.35415,1.3540999999999999
2026-05-05T13:49:24.855690,2026-05-05T13:49:19.678522+01:00,gbp,1.35405,1.35415,1.3540999999999999
2026-05-05T13:49:26.056178,2026-05-05T13:49:19.678522+01:00,gbp,1.35405,1.35415,1.3540999999999999
2026-05-05T13:49:27.306347,2026-05-05T13:49:19.678522+01:00,gbp,1.35405,1.35415,1.3540999999999999
2026-05-05T13:49:28.451009,2026-05-05T13:49:19.678522+01:00,gbp,1.35405,1.35415,1.3540999999999999
2026-05-05T13:49:29.623556,2026-05-05T13:49:28.756678+01:00,gbp,1.35395,1.354,1.3539750000000002
2026-05-05T13:49:30.652274,2026-05-05T13:49:28.756678+01:00,gbp,1.35395,1.354,1.3539750000000002
2026-05-05T13:49:31.901122,2026-05-05T13:49:28.756678+01:00,gbp,1.35395,1.354,1.3539750000000002
2026-05-05T13:49:33.190267,2026-05-05T13:49:28.756678+01:00,gbp,1.35395,1.354,1.3539750000000002
2026-05-05T13:49:34.392005,2026-05-05T13:49:28.756678+01:00,gbp,1.35395,1.354,1.3539750000000002
2026-05-05T13:49:35.499571,2026-05-05T13:49:28.756678+01:00,gbp,1.35395,1.354,1.3539750000000002
2026-05-05T13:49:36.548600,2026-05-05T13:49:28.756678+01:00,gbp,1.35395,1.354,1.3539750000000002
2026-05-05T13:49:37.794834,2026-05-05T13:49:37.339918+01:00,gbp,1.35395,1.354,1.3539750000000002
2026-05-05T13:49:38.874894,2026-05-05T13:49:37.339918+01:00,gbp,1.35395,1.354,1.3539750000000002
2026-05-05T13:49:40.213256,2026-05-05T13:49:37.339918+01:00,gbp,1.35395,1.354,1.3539750000000002
2026-05-05T13:49:41.295753,2026-05-05T13:49:37.339918+01:00,gbp,1.35395,1.354,1.3539750000000002
2026-05-05T13:49:42.428353,2026-05-05T13:49:37.339918+01:00,gbp,1.35395,1.354,1.3539750000000002
2026-05-05T13:49:43.510308,2026-05-05T13:49:37.339918+01:00,gbp,1.35395,1.354,1.3539750000000002
2026-05-05T13:49:44.556064,2026-05-05T13:49:37.339918+01:00,gbp,1.35395,1.354,1.3539750000000002
2026-05-05T13:49:45.734986,2026-05-05T13:49:37.339918+01:00,gbp,1.35395,1.354,1.3539750000000002
2026-05-05T13:49:46.766544,2026-05-05T13:49:45.645369+01:00,gbp,1.35395,1.354,1.3539750000000002
