captured_at,source_timestamp,product,bid,ask,mid
2026-05-05T13:16:01.050731,2026-05-05T13:15:59.221524+01:00,eur,1.1692,1.16925,1.169225
2026-05-05T13:16:02.084120,2026-05-05T13:15:59.221524+01:00,eur,1.1692,1.16925,1.169225
2026-05-05T13:16:03.144056,2026-05-05T13:15:59.221524+01:00,eur,1.1692,1.16925,1.169225
2026-05-05T13:16:04.180407,2026-05-05T13:15:59.221524+01:00,eur,1.1692,1.16925,1.169225
2026-05-05T13:16:05.214659,2026-05-05T13:15:59.221524+01:00,eur,1.1692,1.16925,1.169225
2026-05-05T13:16:06.262137,2026-05-05T13:15:59.221524+01:00,eur,1.1692,1.16925,1.169225
2026-05-05T13:16:07.302208,2026-05-05T13:15:59.221524+01:00,eur,1.1692,1.16925,1.169225
2026-05-05T13:16:08.314560,2026-05-05T13:16:08.187026+01:00,eur,1.16915,1.1692,1.169175
2026-05-05T13:16:09.324825,2026-05-05T13:16:08.187026+01:00,eur,1.16915,1.1692,1.169175
2026-05-05T13:16:10.381673,2026-05-05T13:16:08.187026+01:00,eur,1.16915,1.1692,1.169175
2026-05-05T13:16:11.405914,2026-05-05T13:16:08.187026+01:00,eur,1.16915,1.1692,1.169175
2026-05-05T13:16:12.426252,2026-05-05T13:16:08.187026+01:00,eur,1.16915,1.1692,1.169175
2026-05-05T13:16:13.502166,2026-05-05T13:16:08.187026+01:00,eur,1.16915,1.1692,1.169175
2026-05-05T13:16:14.520566,2026-05-05T13:16:08.187026+01:00,eur,1.16915,1.1692,1.169175
2026-05-05T13:16:15.531835,2026-05-05T13:16:08.187026+01:00,eur,1.16915,1.1692,1.169175
2026-05-05T13:16:16.548294,2026-05-05T13:16:08.187026+01:00,eur,1.16915,1.1692,1.169175
2026-05-05T13:16:17.587706,2026-05-05T13:16:17.482382+01:00,eur,1.1691,1.1692,1.1691500000000001
2026-05-05T13:16:18.612805,2026-05-05T13:16:17.482382+01:00,eur,1.1691,1.1692,1.1691500000000001
2026-05-05T13:16:19.646476,2026-05-05T13:16:17.482382+01:00,eur,1.1691,1.1692,1.1691500000000001
2026-05-05T13:16:20.693132,2026-05-05T13:16:17.482382+01:00,eur,1.1691,1.1692,1.1691500000000001
2026-05-05T13:16:21.741919,2026-05-05T13:16:17.482382+01:00,eur,1.1691,1.1692,1.1691500000000001
2026-05-05T13:16:22.756885,2026-05-05T13:16:17.482382+01:00,eur,1.1691,1.1692,1.1691500000000001
2026-05-05T13:16:23.797696,2026-05-05T13:16:17.482382+01:00,eur,1.1691,1.1692,1.1691500000000001
2026-05-05T13:16:24.825653,2026-05-05T13:16:17.482382+01:00,eur,1.1691,1.1692,1.1691500000000001
2026-05-05T13:16:25.856400,2026-05-05T13:16:17.482382+01:00,eur,1.1691,1.1692,1.1691500000000001
2026-05-05T13:16:26.942562,2026-05-05T13:16:26.334902+01:00,eur,1.1691,1.16915,1.169125
2026-05-05T13:16:28.009594,2026-05-05T13:16:26.334902+01:00,eur,1.1691,1.16915,1.169125
2026-05-05T13:16:29.034725,2026-05-05T13:16:26.334902+01:00,eur,1.1691,1.16915,1.169125
2026-05-05T13:16:30.072481,2026-05-05T13:16:26.334902+01:00,eur,1.1691,1.16915,1.169125
2026-05-05T13:16:31.105514,2026-05-05T13:16:26.334902+01:00,eur,1.1691,1.16915,1.169125
2026-05-05T13:16:32.130816,2026-05-05T13:16:26.334902+01:00,eur,1.1691,1.16915,1.169125
2026-05-05T13:16:33.247248,2026-05-05T13:16:26.334902+01:00,eur,1.1691,1.16915,1.169125
2026-05-05T13:16:34.380324,2026-05-05T13:16:26.334902+01:00,eur,1.1691,1.16915,1.169125
2026-05-05T13:16:35.440681,2026-05-05T13:16:35.308626+01:00,eur,1.16915,1.1692,1.169175
2026-05-05T13:16:36.493747,2026-05-05T13:16:35.308626+01:00,eur,1.16915,1.1692,1.169175
2026-05-05T13:16:37.564142,2026-05-05T13:16:35.308626+01:00,eur,1.16915,1.1692,1.169175
2026-05-05T13:16:38.594340,2026-05-05T13:16:35.308626+01:00,eur,1.16915,1.1692,1.169175
2026-05-05T13:16:39.612371,2026-05-05T13:16:35.308626+01:00,eur,1.16915,1.1692,1.169175
2026-05-05T13:16:40.633905,2026-05-05T13:16:35.308626+01:00,eur,1.16915,1.1692,1.169175
2026-05-05T13:16:41.655055,2026-05-05T13:16:35.308626+01:00,eur,1.16915,1.1692,1.169175
2026-05-05T13:16:42.674051,2026-05-05T13:16:35.308626+01:00,eur,1.16915,1.1692,1.169175
2026-05-05T13:16:43.697390,2026-05-05T13:16:35.308626+01:00,eur,1.16915,1.1692,1.169175
2026-05-05T13:16:44.715945,2026-05-05T13:16:44.108969+01:00,eur,1.1691,1.16915,1.169125
2026-05-05T13:16:45.734224,2026-05-05T13:16:44.108969+01:00,eur,1.1691,1.16915,1.169125
2026-05-05T13:16:46.760200,2026-05-05T13:16:44.108969+01:00,eur,1.1691,1.16915,1.169125
2026-05-05T13:16:47.783702,2026-05-05T13:16:44.108969+01:00,eur,1.1691,1.16915,1.169125
2026-05-05T13:16:48.828804,2026-05-05T13:16:44.108969+01:00,eur,1.1691,1.16915,1.169125
2026-05-05T13:16:49.847113,2026-05-05T13:16:44.108969+01:00,eur,1.1691,1.16915,1.169125
2026-05-05T13:16:50.875297,2026-05-05T13:16:44.108969+01:00,eur,1.1691,1.16915,1.169125
2026-05-05T13:16:51.903765,2026-05-05T13:16:44.108969+01:00,eur,1.1691,1.16915,1.169125
2026-05-05T13:16:52.932338,2026-05-05T13:16:44.108969+01:00,eur,1.1691,1.16915,1.169125
2026-05-05T13:16:53.972531,2026-05-05T13:16:52.923316+01:00,eur,1.1691,1.16915,1.169125
2026-05-05T13:16:55.006000,2026-05-05T13:16:52.923316+01:00,eur,1.1691,1.16915,1.169125
2026-05-05T13:16:56.027854,2026-05-05T13:16:52.923316+01:00,eur,1.1691,1.16915,1.169125
2026-05-05T13:16:57.055616,2026-05-05T13:16:52.923316+01:00,eur,1.1691,1.16915,1.169125
2026-05-05T13:16:58.086559,2026-05-05T13:16:52.923316+01:00,eur,1.1691,1.16915,1.169125
2026-05-05T13:16:59.144381,2026-05-05T13:16:52.923316+01:00,eur,1.1691,1.16915,1.169125
2026-05-05T13:17:00.191454,2026-05-05T13:16:52.923316+01:00,eur,1.1691,1.16915,1.169125
2026-05-05T13:17:01.211077,2026-05-05T13:16:52.923316+01:00,eur,1.1691,1.16915,1.169125
2026-05-05T13:17:02.231475,2026-05-05T13:17:01.707237+01:00,eur,1.16915,1.1692,1.169175
2026-05-05T13:17:03.248454,2026-05-05T13:17:01.707237+01:00,eur,1.16915,1.1692,1.169175
2026-05-05T13:17:04.269194,2026-05-05T13:17:01.707237+01:00,eur,1.16915,1.1692,1.169175
2026-05-05T13:17:05.289023,2026-05-05T13:17:01.707237+01:00,eur,1.16915,1.1692,1.169175
2026-05-05T13:17:06.310118,2026-05-05T13:17:01.707237+01:00,eur,1.16915,1.1692,1.169175
2026-05-05T13:17:07.354569,2026-05-05T13:17:01.707237+01:00,eur,1.16915,1.1692,1.169175
2026-05-05T13:17:08.373270,2026-05-05T13:17:01.707237+01:00,eur,1.16915,1.1692,1.169175
2026-05-05T13:17:09.392291,2026-05-05T13:17:01.707237+01:00,eur,1.16915,1.1692,1.169175
2026-05-05T13:17:10.423221,2026-05-05T13:17:01.707237+01:00,eur,1.16915,1.1692,1.169175
2026-05-05T13:17:11.453790,2026-05-05T13:17:10.960828+01:00,eur,1.1692,1.16925,1.169225
2026-05-05T13:17:12.496192,2026-05-05T13:17:10.960828+01:00,eur,1.1692,1.16925,1.169225
2026-05-05T13:17:13.551812,2026-05-05T13:17:10.960828+01:00,eur,1.1692,1.16925,1.169225
2026-05-05T13:17:14.578376,2026-05-05T13:17:10.960828+01:00,eur,1.1692,1.16925,1.169225
2026-05-05T13:17:15.651845,2026-05-05T13:17:10.960828+01:00,eur,1.1692,1.16925,1.169225
2026-05-05T13:17:16.709272,2026-05-05T13:17:10.960828+01:00,eur,1.1692,1.16925,1.169225
2026-05-05T13:17:17.805800,2026-05-05T13:17:10.960828+01:00,eur,1.1692,1.16925,1.169225
2026-05-05T13:17:18.864557,2026-05-05T13:17:10.960828+01:00,eur,1.1692,1.16925,1.169225
2026-05-05T13:17:19.934211,2026-05-05T13:17:19.698353+01:00,eur,1.1692,1.16925,1.169225
2026-05-05T13:17:20.982397,2026-05-05T13:17:19.698353+01:00,eur,1.1692,1.16925,1.169225
2026-05-05T13:17:22.021205,2026-05-05T13:17:19.698353+01:00,eur,1.1692,1.16925,1.169225
2026-05-05T13:17:23.083599,2026-05-05T13:17:19.698353+01:00,eur,1.1692,1.16925,1.169225
2026-05-05T13:17:24.163784,2026-05-05T13:17:19.698353+01:00,eur,1.1692,1.16925,1.169225
2026-05-05T13:17:25.221468,2026-05-05T13:17:19.698353+01:00,eur,1.1692,1.16925,1.169225
2026-05-05T13:17:26.282952,2026-05-05T13:17:19.698353+01:00,eur,1.1692,1.16925,1.169225
2026-05-05T13:17:27.344687,2026-05-05T13:17:19.698353+01:00,eur,1.1692,1.16925,1.169225
2026-05-05T13:17:28.457673,2026-05-05T13:17:19.698353+01:00,eur,1.1692,1.16925,1.169225
2026-05-05T13:17:29.519538,2026-05-05T13:17:28.545104+01:00,eur,1.16925,1.1693,1.1692749999999998
2026-05-05T13:17:30.579912,2026-05-05T13:17:28.545104+01:00,eur,1.16925,1.1693,1.1692749999999998
2026-05-05T13:17:31.644194,2026-05-05T13:17:28.545104+01:00,eur,1.16925,1.1693,1.1692749999999998
2026-05-05T13:17:32.770978,2026-05-05T13:17:28.545104+01:00,eur,1.16925,1.1693,1.1692749999999998
2026-05-05T13:17:33.877490,2026-05-05T13:17:28.545104+01:00,eur,1.16925,1.1693,1.1692749999999998
2026-05-05T13:17:34.998212,2026-05-05T13:17:28.545104+01:00,eur,1.16925,1.1693,1.1692749999999998
2026-05-05T13:17:36.161527,2026-05-05T13:17:28.545104+01:00,eur,1.16925,1.1693,1.1692749999999998
2026-05-05T13:17:37.278155,2026-05-05T13:17:28.545104+01:00,eur,1.16925,1.1693,1.1692749999999998
2026-05-05T13:17:38.426730,2026-05-05T13:17:37.715728+01:00,eur,1.1693,1.16935,1.169325
2026-05-05T13:17:39.586663,2026-05-05T13:17:37.715728+01:00,eur,1.1693,1.16935,1.169325
2026-05-05T13:17:40.708988,2026-05-05T13:17:37.715728+01:00,eur,1.1693,1.16935,1.169325
2026-05-05T13:17:42.202941,2026-05-05T13:17:37.715728+01:00,eur,1.1693,1.16935,1.169325
2026-05-05T13:17:43.643288,2026-05-05T13:17:37.715728+01:00,eur,1.1693,1.16935,1.169325
2026-05-05T13:17:44.995781,2026-05-05T13:17:37.715728+01:00,eur,1.1693,1.16935,1.169325
2026-05-05T13:17:46.295124,2026-05-05T13:17:37.715728+01:00,eur,1.1693,1.16935,1.169325
2026-05-05T13:17:47.500899,2026-05-05T13:17:46.390424+01:00,eur,1.1693,1.16935,1.169325
2026-05-05T13:17:48.572828,2026-05-05T13:17:46.390424+01:00,eur,1.1693,1.16935,1.169325
2026-05-05T13:17:50.035717,2026-05-05T13:17:46.390424+01:00,eur,1.1693,1.16935,1.169325
2026-05-05T13:17:51.411139,2026-05-05T13:17:46.390424+01:00,eur,1.1693,1.16935,1.169325
2026-05-05T13:17:52.622224,2026-05-05T13:17:46.390424+01:00,eur,1.1693,1.16935,1.169325
2026-05-05T13:17:53.731789,2026-05-05T13:17:46.390424+01:00,eur,1.1693,1.16935,1.169325
2026-05-05T13:17:55.099313,2026-05-05T13:17:46.390424+01:00,eur,1.1693,1.16935,1.169325
2026-05-05T13:17:56.427416,2026-05-05T13:17:55.834720+01:00,eur,1.16935,1.1694,1.169375
2026-05-05T13:17:57.572932,2026-05-05T13:17:55.834720+01:00,eur,1.16935,1.1694,1.169375
2026-05-05T13:17:58.667215,2026-05-05T13:17:55.834720+01:00,eur,1.16935,1.1694,1.169375
2026-05-05T13:17:59.765700,2026-05-05T13:17:55.834720+01:00,eur,1.16935,1.1694,1.169375
2026-05-05T13:18:00.818211,2026-05-05T13:17:55.834720+01:00,eur,1.16935,1.1694,1.169375
2026-05-05T13:18:01.902838,2026-05-05T13:17:55.834720+01:00,eur,1.16935,1.1694,1.169375
2026-05-05T13:18:03.031543,2026-05-05T13:17:55.834720+01:00,eur,1.16935,1.1694,1.169375
2026-05-05T13:18:04.153200,2026-05-05T13:17:55.834720+01:00,eur,1.16935,1.1694,1.169375
2026-05-05T13:18:05.275706,2026-05-05T13:18:04.350529+01:00,eur,1.1694,1.16945,1.169425
2026-05-05T13:18:06.354825,2026-05-05T13:18:04.350529+01:00,eur,1.1694,1.16945,1.169425
2026-05-05T13:18:07.444029,2026-05-05T13:18:04.350529+01:00,eur,1.1694,1.16945,1.169425
2026-05-05T13:18:08.493381,2026-05-05T13:18:04.350529+01:00,eur,1.1694,1.16945,1.169425
2026-05-05T13:18:09.557246,2026-05-05T13:18:04.350529+01:00,eur,1.1694,1.16945,1.169425
2026-05-05T13:18:10.622763,2026-05-05T13:18:04.350529+01:00,eur,1.1694,1.16945,1.169425
2026-05-05T13:18:11.680274,2026-05-05T13:18:04.350529+01:00,eur,1.1694,1.16945,1.169425
2026-05-05T13:18:12.784471,2026-05-05T13:18:04.350529+01:00,eur,1.1694,1.16945,1.169425
2026-05-05T13:18:13.876665,2026-05-05T13:18:13.367583+01:00,eur,1.16935,1.1694,1.169375
2026-05-05T13:18:14.965423,2026-05-05T13:18:13.367583+01:00,eur,1.16935,1.1694,1.169375
2026-05-05T13:18:16.090323,2026-05-05T13:18:13.367583+01:00,eur,1.16935,1.1694,1.169375
2026-05-05T13:18:17.214376,2026-05-05T13:18:13.367583+01:00,eur,1.16935,1.1694,1.169375
2026-05-05T13:18:18.319010,2026-05-05T13:18:13.367583+01:00,eur,1.16935,1.1694,1.169375
2026-05-05T13:18:19.415643,2026-05-05T13:18:13.367583+01:00,eur,1.16935,1.1694,1.169375
2026-05-05T13:18:20.483917,2026-05-05T13:18:13.367583+01:00,eur,1.16935,1.1694,1.169375
2026-05-05T13:18:21.563475,2026-05-05T13:18:13.367583+01:00,eur,1.16935,1.1694,1.169375
2026-05-05T13:18:22.629742,2026-05-05T13:18:21.932676+01:00,eur,1.16935,1.1694,1.169375
2026-05-05T13:18:23.667149,2026-05-05T13:18:21.932676+01:00,eur,1.16935,1.1694,1.169375
2026-05-05T13:18:24.681510,2026-05-05T13:18:21.932676+01:00,eur,1.16935,1.1694,1.169375
2026-05-05T13:18:25.712764,2026-05-05T13:18:21.932676+01:00,eur,1.16935,1.1694,1.169375
2026-05-05T13:18:26.736672,2026-05-05T13:18:21.932676+01:00,eur,1.16935,1.1694,1.169375
2026-05-05T13:18:27.752046,2026-05-05T13:18:21.932676+01:00,eur,1.16935,1.1694,1.169375
2026-05-05T13:18:28.769553,2026-05-05T13:18:21.932676+01:00,eur,1.16935,1.1694,1.169375
2026-05-05T13:18:29.804315,2026-05-05T13:18:21.932676+01:00,eur,1.16935,1.1694,1.169375
2026-05-05T13:18:30.819099,2026-05-05T13:18:30.724652+01:00,eur,1.16915,1.1692,1.169175
2026-05-05T13:18:31.855905,2026-05-05T13:18:30.724652+01:00,eur,1.16915,1.1692,1.169175
2026-05-05T13:18:37.011039,2026-05-05T13:18:30.724652+01:00,eur,1.16915,1.1692,1.169175
2026-05-05T13:18:38.081738,2026-05-05T13:18:30.724652+01:00,eur,1.16915,1.1692,1.169175
2026-05-05T13:18:39.152843,2026-05-05T13:18:30.724652+01:00,eur,1.16915,1.1692,1.169175
2026-05-05T13:18:40.222713,2026-05-05T13:18:39.711621+01:00,eur,1.16925,1.1693,1.1692749999999998
2026-05-05T13:18:41.296766,2026-05-05T13:18:39.711621+01:00,eur,1.16925,1.1693,1.1692749999999998
2026-05-05T13:18:42.349124,2026-05-05T13:18:39.711621+01:00,eur,1.16925,1.1693,1.1692749999999998
2026-05-05T13:18:43.382181,2026-05-05T13:18:39.711621+01:00,eur,1.16925,1.1693,1.1692749999999998
2026-05-05T13:18:44.463708,2026-05-05T13:18:39.711621+01:00,eur,1.16925,1.1693,1.1692749999999998
2026-05-05T13:18:45.534289,2026-05-05T13:18:39.711621+01:00,eur,1.16925,1.1693,1.1692749999999998
2026-05-05T13:18:46.572907,2026-05-05T13:18:39.711621+01:00,eur,1.16925,1.1693,1.1692749999999998
2026-05-05T13:18:47.626432,2026-05-05T13:18:39.711621+01:00,eur,1.16925,1.1693,1.1692749999999998
2026-05-05T13:18:48.655114,2026-05-05T13:18:39.711621+01:00,eur,1.16925,1.1693,1.1692749999999998
2026-05-05T13:18:49.723699,2026-05-05T13:18:48.815041+01:00,eur,1.16925,1.1693,1.1692749999999998
2026-05-05T13:18:50.754438,2026-05-05T13:18:48.815041+01:00,eur,1.16925,1.1693,1.1692749999999998
2026-05-05T13:18:51.814877,2026-05-05T13:18:48.815041+01:00,eur,1.16925,1.1693,1.1692749999999998
2026-05-05T13:18:52.866788,2026-05-05T13:18:48.815041+01:00,eur,1.16925,1.1693,1.1692749999999998
2026-05-05T13:18:53.924521,2026-05-05T13:18:48.815041+01:00,eur,1.16925,1.1693,1.1692749999999998
2026-05-05T13:18:54.972392,2026-05-05T13:18:48.815041+01:00,eur,1.16925,1.1693,1.1692749999999998
2026-05-05T13:18:56.057951,2026-05-05T13:18:48.815041+01:00,eur,1.16925,1.1693,1.1692749999999998
2026-05-05T13:18:57.109021,2026-05-05T13:18:48.815041+01:00,eur,1.16925,1.1693,1.1692749999999998
2026-05-05T13:18:58.153248,2026-05-05T13:18:57.820564+01:00,eur,1.1693,1.16935,1.169325
2026-05-05T13:18:59.212454,2026-05-05T13:18:57.820564+01:00,eur,1.1693,1.16935,1.169325
2026-05-05T13:19:00.280190,2026-05-05T13:18:57.820564+01:00,eur,1.1693,1.16935,1.169325
2026-05-05T13:19:01.342200,2026-05-05T13:18:57.820564+01:00,eur,1.1693,1.16935,1.169325
2026-05-05T13:19:02.429712,2026-05-05T13:18:57.820564+01:00,eur,1.1693,1.16935,1.169325
2026-05-05T13:19:03.495388,2026-05-05T13:18:57.820564+01:00,eur,1.1693,1.16935,1.169325
2026-05-05T13:19:04.539204,2026-05-05T13:18:57.820564+01:00,eur,1.1693,1.16935,1.169325
2026-05-05T13:19:05.568585,2026-05-05T13:18:57.820564+01:00,eur,1.1693,1.16935,1.169325
2026-05-05T13:19:06.611785,2026-05-05T13:19:06.447774+01:00,eur,1.16935,1.1694,1.169375
2026-05-05T13:19:07.629006,2026-05-05T13:19:06.447774+01:00,eur,1.16935,1.1694,1.169375
2026-05-05T13:19:08.648475,2026-05-05T13:19:06.447774+01:00,eur,1.16935,1.1694,1.169375
2026-05-05T13:19:09.716112,2026-05-05T13:19:06.447774+01:00,eur,1.16935,1.1694,1.169375
2026-05-05T13:19:10.767930,2026-05-05T13:19:06.447774+01:00,eur,1.16935,1.1694,1.169375
2026-05-05T13:19:11.849880,2026-05-05T13:19:06.447774+01:00,eur,1.16935,1.1694,1.169375
2026-05-05T13:19:12.919621,2026-05-05T13:19:06.447774+01:00,eur,1.16935,1.1694,1.169375
2026-05-05T13:19:13.970932,2026-05-05T13:19:06.447774+01:00,eur,1.16935,1.1694,1.169375
2026-05-05T13:19:15.025468,2026-05-05T13:19:06.447774+01:00,eur,1.16935,1.1694,1.169375
2026-05-05T13:19:16.105300,2026-05-05T13:19:15.497519+01:00,eur,1.1693,1.16935,1.169325
2026-05-05T13:19:17.144823,2026-05-05T13:19:15.497519+01:00,eur,1.1693,1.16935,1.169325
2026-05-05T13:19:18.219823,2026-05-05T13:19:15.497519+01:00,eur,1.1693,1.16935,1.169325
2026-05-05T13:19:19.287124,2026-05-05T13:19:15.497519+01:00,eur,1.1693,1.16935,1.169325
2026-05-05T13:19:20.385671,2026-05-05T13:19:15.497519+01:00,eur,1.1693,1.16935,1.169325
2026-05-05T13:19:21.470787,2026-05-05T13:19:15.497519+01:00,eur,1.1693,1.16935,1.169325
2026-05-05T13:19:22.517062,2026-05-05T13:19:15.497519+01:00,eur,1.1693,1.16935,1.169325
2026-05-05T13:19:23.588716,2026-05-05T13:19:15.497519+01:00,eur,1.1693,1.16935,1.169325
2026-05-05T13:19:24.620875,2026-05-05T13:19:24.601527+01:00,eur,1.16925,1.1693,1.1692749999999998
2026-05-05T13:19:25.703270,2026-05-05T13:19:24.601527+01:00,eur,1.16925,1.1693,1.1692749999999998
2026-05-05T13:19:26.757549,2026-05-05T13:19:24.601527+01:00,eur,1.16925,1.1693,1.1692749999999998
2026-05-05T13:19:27.824752,2026-05-05T13:19:24.601527+01:00,eur,1.16925,1.1693,1.1692749999999998
2026-05-05T13:19:28.906569,2026-05-05T13:19:24.601527+01:00,eur,1.16925,1.1693,1.1692749999999998
2026-05-05T13:19:29.956665,2026-05-05T13:19:24.601527+01:00,eur,1.16925,1.1693,1.1692749999999998
2026-05-05T13:19:30.988171,2026-05-05T13:19:24.601527+01:00,eur,1.16925,1.1693,1.1692749999999998
2026-05-05T13:19:32.015480,2026-05-05T13:19:24.601527+01:00,eur,1.16925,1.1693,1.1692749999999998
2026-05-05T13:19:33.074301,2026-05-05T13:19:24.601527+01:00,eur,1.16925,1.1693,1.1692749999999998
2026-05-05T13:19:34.175714,2026-05-05T13:19:33.073227+01:00,eur,1.1693,1.16935,1.169325
2026-05-05T13:19:35.243110,2026-05-05T13:19:33.073227+01:00,eur,1.1693,1.16935,1.169325
2026-05-05T13:19:36.337234,2026-05-05T13:19:33.073227+01:00,eur,1.1693,1.16935,1.169325
2026-05-05T13:19:37.478997,2026-05-05T13:19:33.073227+01:00,eur,1.1693,1.16935,1.169325
2026-05-05T13:19:38.602005,2026-05-05T13:19:33.073227+01:00,eur,1.1693,1.16935,1.169325
2026-05-05T13:19:39.677480,2026-05-05T13:19:33.073227+01:00,eur,1.1693,1.16935,1.169325
2026-05-05T13:19:40.767572,2026-05-05T13:19:33.073227+01:00,eur,1.1693,1.16935,1.169325
2026-05-05T13:19:41.878304,2026-05-05T13:19:33.073227+01:00,eur,1.1693,1.16935,1.169325
2026-05-05T13:19:42.934658,2026-05-05T13:19:42.257493+01:00,eur,1.1694,1.16945,1.169425
2026-05-05T13:19:44.019390,2026-05-05T13:19:42.257493+01:00,eur,1.1694,1.16945,1.169425
2026-05-05T13:19:45.067996,2026-05-05T13:19:42.257493+01:00,eur,1.1694,1.16945,1.169425
2026-05-05T13:19:46.161027,2026-05-05T13:19:42.257493+01:00,eur,1.1694,1.16945,1.169425
2026-05-05T13:19:47.230537,2026-05-05T13:19:42.257493+01:00,eur,1.1694,1.16945,1.169425
2026-05-05T13:19:48.301123,2026-05-05T13:19:42.257493+01:00,eur,1.1694,1.16945,1.169425
2026-05-05T13:19:49.392669,2026-05-05T13:19:42.257493+01:00,eur,1.1694,1.16945,1.169425
2026-05-05T13:19:50.462806,2026-05-05T13:19:42.257493+01:00,eur,1.1694,1.16945,1.169425
2026-05-05T13:19:51.539849,2026-05-05T13:19:50.875442+01:00,eur,1.16935,1.1694,1.169375
2026-05-05T13:19:52.641593,2026-05-05T13:19:50.875442+01:00,eur,1.16935,1.1694,1.169375
2026-05-05T13:19:53.685062,2026-05-05T13:19:50.875442+01:00,eur,1.16935,1.1694,1.169375
2026-05-05T13:19:54.735196,2026-05-05T13:19:50.875442+01:00,eur,1.16935,1.1694,1.169375
2026-05-05T13:19:55.817531,2026-05-05T13:19:50.875442+01:00,eur,1.16935,1.1694,1.169375
2026-05-05T13:19:56.886369,2026-05-05T13:19:50.875442+01:00,eur,1.16935,1.1694,1.169375
2026-05-05T13:19:57.932142,2026-05-05T13:19:50.875442+01:00,eur,1.16935,1.1694,1.169375
2026-05-05T13:19:58.970781,2026-05-05T13:19:50.875442+01:00,eur,1.16935,1.1694,1.169375
2026-05-05T13:20:00.000097,2026-05-05T13:19:59.847289+01:00,eur,1.1693,1.16935,1.169325
2026-05-05T13:20:01.080383,2026-05-05T13:19:59.847289+01:00,eur,1.1693,1.16935,1.169325
2026-05-05T13:20:02.114607,2026-05-05T13:19:59.847289+01:00,eur,1.1693,1.16935,1.169325
2026-05-05T13:20:03.168210,2026-05-05T13:19:59.847289+01:00,eur,1.1693,1.16935,1.169325
2026-05-05T13:20:04.204634,2026-05-05T13:19:59.847289+01:00,eur,1.1693,1.16935,1.169325
2026-05-05T13:20:05.237989,2026-05-05T13:19:59.847289+01:00,eur,1.1693,1.16935,1.169325
2026-05-05T13:20:06.456495,2026-05-05T13:19:59.847289+01:00,eur,1.1693,1.16935,1.169325
2026-05-05T13:20:07.532383,2026-05-05T13:19:59.847289+01:00,eur,1.1693,1.16935,1.169325
2026-05-05T13:20:08.573117,2026-05-05T13:19:59.847289+01:00,eur,1.1693,1.16935,1.169325
2026-05-05T13:20:09.625657,2026-05-05T13:20:08.983025+01:00,eur,1.1693,1.16935,1.169325
2026-05-05T13:20:10.688697,2026-05-05T13:20:08.983025+01:00,eur,1.1693,1.16935,1.169325
2026-05-05T13:20:11.754561,2026-05-05T13:20:08.983025+01:00,eur,1.1693,1.16935,1.169325
2026-05-05T13:20:12.787473,2026-05-05T13:20:08.983025+01:00,eur,1.1693,1.16935,1.169325
2026-05-05T13:20:13.832962,2026-05-05T13:20:08.983025+01:00,eur,1.1693,1.16935,1.169325
2026-05-05T13:20:14.862903,2026-05-05T13:20:08.983025+01:00,eur,1.1693,1.16935,1.169325
2026-05-05T13:20:15.897063,2026-05-05T13:20:08.983025+01:00,eur,1.1693,1.16935,1.169325
2026-05-05T13:20:17.037968,2026-05-05T13:20:08.983025+01:00,eur,1.1693,1.16935,1.169325
2026-05-05T13:20:18.091380,2026-05-05T13:20:17.882964+01:00,eur,1.16925,1.1693,1.1692749999999998
2026-05-05T13:20:19.162034,2026-05-05T13:20:17.882964+01:00,eur,1.16925,1.1693,1.1692749999999998
2026-05-05T13:20:20.225496,2026-05-05T13:20:17.882964+01:00,eur,1.16925,1.1693,1.1692749999999998
2026-05-05T13:20:21.303742,2026-05-05T13:20:17.882964+01:00,eur,1.16925,1.1693,1.1692749999999998
2026-05-05T13:20:22.350540,2026-05-05T13:20:17.882964+01:00,eur,1.16925,1.1693,1.1692749999999998
2026-05-05T13:20:23.429555,2026-05-05T13:20:17.882964+01:00,eur,1.16925,1.1693,1.1692749999999998
2026-05-05T13:20:24.475223,2026-05-05T13:20:17.882964+01:00,eur,1.16925,1.1693,1.1692749999999998
2026-05-05T13:20:25.524979,2026-05-05T13:20:17.882964+01:00,eur,1.16925,1.1693,1.1692749999999998
2026-05-05T13:20:26.604599,2026-05-05T13:20:26.258725+01:00,eur,1.16935,1.1694,1.169375
2026-05-05T13:20:27.749892,2026-05-05T13:20:26.258725+01:00,eur,1.16935,1.1694,1.169375
2026-05-05T13:20:28.890936,2026-05-05T13:20:26.258725+01:00,eur,1.16935,1.1694,1.169375
2026-05-05T13:20:29.980708,2026-05-05T13:20:26.258725+01:00,eur,1.16935,1.1694,1.169375
2026-05-05T13:20:31.081645,2026-05-05T13:20:26.258725+01:00,eur,1.16935,1.1694,1.169375
2026-05-05T13:20:32.204266,2026-05-05T13:20:26.258725+01:00,eur,1.16935,1.1694,1.169375
2026-05-05T13:20:33.374283,2026-05-05T13:20:26.258725+01:00,eur,1.16935,1.1694,1.169375
2026-05-05T13:20:34.484333,2026-05-05T13:20:26.258725+01:00,eur,1.16935,1.1694,1.169375
2026-05-05T13:20:35.602457,2026-05-05T13:20:35.219737+01:00,eur,1.16935,1.1694,1.169375
2026-05-05T13:20:36.719789,2026-05-05T13:20:35.219737+01:00,eur,1.16935,1.1694,1.169375
2026-05-05T13:20:37.795730,2026-05-05T13:20:35.219737+01:00,eur,1.16935,1.1694,1.169375
2026-05-05T13:20:38.917447,2026-05-05T13:20:35.219737+01:00,eur,1.16935,1.1694,1.169375
2026-05-05T13:20:40.096808,2026-05-05T13:20:35.219737+01:00,eur,1.16935,1.1694,1.169375
2026-05-05T13:20:41.202277,2026-05-05T13:20:35.219737+01:00,eur,1.16935,1.1694,1.169375
2026-05-05T13:20:42.322943,2026-05-05T13:20:35.219737+01:00,eur,1.16935,1.1694,1.169375
2026-05-05T13:20:43.464780,2026-05-05T13:20:35.219737+01:00,eur,1.16935,1.1694,1.169375
2026-05-05T13:20:44.600364,2026-05-05T13:20:44.317978+01:00,eur,1.1694,1.16945,1.169425
2026-05-05T13:20:45.733215,2026-05-05T13:20:44.317978+01:00,eur,1.1694,1.16945,1.169425
2026-05-05T13:20:46.829721,2026-05-05T13:20:44.317978+01:00,eur,1.1694,1.16945,1.169425
2026-05-05T13:20:47.943812,2026-05-05T13:20:44.317978+01:00,eur,1.1694,1.16945,1.169425
2026-05-05T13:20:49.000708,2026-05-05T13:20:44.317978+01:00,eur,1.1694,1.16945,1.169425
2026-05-05T13:20:50.068192,2026-05-05T13:20:44.317978+01:00,eur,1.1694,1.16945,1.169425
2026-05-05T13:20:51.138694,2026-05-05T13:20:44.317978+01:00,eur,1.1694,1.16945,1.169425
2026-05-05T13:20:52.191524,2026-05-05T13:20:44.317978+01:00,eur,1.1694,1.16945,1.169425
2026-05-05T13:20:53.252223,2026-05-05T13:20:53.223815+01:00,eur,1.1693,1.16935,1.169325
2026-05-05T13:20:54.298944,2026-05-05T13:20:53.223815+01:00,eur,1.1693,1.16935,1.169325
2026-05-05T13:20:55.345841,2026-05-05T13:20:53.223815+01:00,eur,1.1693,1.16935,1.169325
2026-05-05T13:20:56.378087,2026-05-05T13:20:53.223815+01:00,eur,1.1693,1.16935,1.169325
2026-05-05T13:20:57.425779,2026-05-05T13:20:53.223815+01:00,eur,1.1693,1.16935,1.169325
2026-05-05T13:20:58.476173,2026-05-05T13:20:53.223815+01:00,eur,1.1693,1.16935,1.169325
2026-05-05T13:20:59.500444,2026-05-05T13:20:53.223815+01:00,eur,1.1693,1.16935,1.169325
2026-05-05T13:21:00.538551,2026-05-05T13:20:53.223815+01:00,eur,1.1693,1.16935,1.169325
2026-05-05T13:21:01.564378,2026-05-05T13:20:53.223815+01:00,eur,1.1693,1.16935,1.169325
2026-05-05T13:21:02.631319,2026-05-05T13:21:02.069314+01:00,eur,1.1694,1.16945,1.169425
2026-05-05T13:21:03.701088,2026-05-05T13:21:02.069314+01:00,eur,1.1694,1.16945,1.169425
2026-05-05T13:21:04.752306,2026-05-05T13:21:02.069314+01:00,eur,1.1694,1.16945,1.169425
2026-05-05T13:21:05.835198,2026-05-05T13:21:02.069314+01:00,eur,1.1694,1.16945,1.169425
2026-05-05T13:21:06.875725,2026-05-05T13:21:02.069314+01:00,eur,1.1694,1.16945,1.169425
2026-05-05T13:21:07.909588,2026-05-05T13:21:02.069314+01:00,eur,1.1694,1.16945,1.169425
2026-05-05T13:21:08.945287,2026-05-05T13:21:02.069314+01:00,eur,1.1694,1.16945,1.169425
2026-05-05T13:21:09.970788,2026-05-05T13:21:02.069314+01:00,eur,1.1694,1.16945,1.169425
2026-05-05T13:21:11.008442,2026-05-05T13:21:10.963546+01:00,eur,1.1693,1.1694,1.1693500000000001
2026-05-05T13:21:12.039300,2026-05-05T13:21:10.963546+01:00,eur,1.1693,1.1694,1.1693500000000001
2026-05-05T13:21:13.063357,2026-05-05T13:21:10.963546+01:00,eur,1.1693,1.1694,1.1693500000000001
2026-05-05T13:21:14.094839,2026-05-05T13:21:10.963546+01:00,eur,1.1693,1.1694,1.1693500000000001
2026-05-05T13:21:15.122321,2026-05-05T13:21:10.963546+01:00,eur,1.1693,1.1694,1.1693500000000001
2026-05-05T13:21:16.165622,2026-05-05T13:21:10.963546+01:00,eur,1.1693,1.1694,1.1693500000000001
2026-05-05T13:21:17.212504,2026-05-05T13:21:10.963546+01:00,eur,1.1693,1.1694,1.1693500000000001
2026-05-05T13:21:18.271784,2026-05-05T13:21:10.963546+01:00,eur,1.1693,1.1694,1.1693500000000001
2026-05-05T13:21:19.325281,2026-05-05T13:21:10.963546+01:00,eur,1.1693,1.1694,1.1693500000000001
2026-05-05T13:21:20.374836,2026-05-05T13:21:19.732800+01:00,eur,1.16935,1.1694,1.169375
2026-05-05T13:21:21.394699,2026-05-05T13:21:19.732800+01:00,eur,1.16935,1.1694,1.169375
2026-05-05T13:21:22.432393,2026-05-05T13:21:19.732800+01:00,eur,1.16935,1.1694,1.169375
2026-05-05T13:21:23.479759,2026-05-05T13:21:19.732800+01:00,eur,1.16935,1.1694,1.169375
2026-05-05T13:21:24.521538,2026-05-05T13:21:19.732800+01:00,eur,1.16935,1.1694,1.169375
2026-05-05T13:21:25.565579,2026-05-05T13:21:19.732800+01:00,eur,1.16935,1.1694,1.169375
2026-05-05T13:21:26.605691,2026-05-05T13:21:19.732800+01:00,eur,1.16935,1.1694,1.169375
2026-05-05T13:21:27.637639,2026-05-05T13:21:19.732800+01:00,eur,1.16935,1.1694,1.169375
2026-05-05T13:21:28.659082,2026-05-05T13:21:28.151348+01:00,eur,1.1694,1.16945,1.169425
2026-05-05T13:21:29.683707,2026-05-05T13:21:28.151348+01:00,eur,1.1694,1.16945,1.169425
2026-05-05T13:21:30.707843,2026-05-05T13:21:28.151348+01:00,eur,1.1694,1.16945,1.169425
2026-05-05T13:21:31.765818,2026-05-05T13:21:28.151348+01:00,eur,1.1694,1.16945,1.169425
2026-05-05T13:21:32.829482,2026-05-05T13:21:28.151348+01:00,eur,1.1694,1.16945,1.169425
2026-05-05T13:21:33.868746,2026-05-05T13:21:28.151348+01:00,eur,1.1694,1.16945,1.169425
2026-05-05T13:21:35.036887,2026-05-05T13:21:28.151348+01:00,eur,1.1694,1.16945,1.169425
2026-05-05T13:21:36.526357,2026-05-05T13:21:28.151348+01:00,eur,1.1694,1.16945,1.169425
2026-05-05T13:21:38.795945,2026-05-05T13:21:37.507058+01:00,eur,1.1694,1.16945,1.169425
2026-05-05T13:21:40.697724,2026-05-05T13:21:37.507058+01:00,eur,1.1694,1.16945,1.169425
2026-05-05T13:21:41.868368,2026-05-05T13:21:37.507058+01:00,eur,1.1694,1.16945,1.169425
2026-05-05T13:21:43.051484,2026-05-05T13:21:37.507058+01:00,eur,1.1694,1.16945,1.169425
2026-05-05T13:21:44.235526,2026-05-05T13:21:37.507058+01:00,eur,1.1694,1.16945,1.169425
2026-05-05T13:21:45.547653,2026-05-05T13:21:37.507058+01:00,eur,1.1694,1.16945,1.169425
2026-05-05T13:21:47.422249,2026-05-05T13:21:46.287081+01:00,eur,1.16945,1.1695,1.169475
2026-05-05T13:21:49.502714,2026-05-05T13:21:46.287081+01:00,eur,1.16945,1.1695,1.169475
2026-05-05T13:21:50.859585,2026-05-05T13:21:46.287081+01:00,eur,1.16945,1.1695,1.169475
2026-05-05T13:21:52.028745,2026-05-05T13:21:46.287081+01:00,eur,1.16945,1.1695,1.169475
2026-05-05T13:21:53.201204,2026-05-05T13:21:46.287081+01:00,eur,1.16945,1.1695,1.169475
2026-05-05T13:21:55.045511,2026-05-05T13:21:46.287081+01:00,eur,1.16945,1.1695,1.169475
2026-05-05T13:21:57.081751,2026-05-05T13:21:55.667684+01:00,eur,1.16955,1.1696,1.169575
2026-05-05T13:21:58.861078,2026-05-05T13:21:55.667684+01:00,eur,1.16955,1.1696,1.169575
2026-05-05T13:22:00.887999,2026-05-05T13:21:55.667684+01:00,eur,1.16955,1.1696,1.169575
2026-05-05T13:22:02.702519,2026-05-05T13:21:55.667684+01:00,eur,1.16955,1.1696,1.169575
2026-05-05T13:22:03.931250,2026-05-05T13:22:03.574633+01:00,eur,1.1696,1.16965,1.169625
2026-05-05T13:22:05.120115,2026-05-05T13:22:03.574633+01:00,eur,1.1696,1.16965,1.169625
2026-05-05T13:22:06.226217,2026-05-05T13:22:03.574633+01:00,eur,1.1696,1.16965,1.169625
2026-05-05T13:22:07.315307,2026-05-05T13:22:03.574633+01:00,eur,1.1696,1.16965,1.169625
2026-05-05T13:22:08.416643,2026-05-05T13:22:03.574633+01:00,eur,1.1696,1.16965,1.169625
2026-05-05T13:22:09.509439,2026-05-05T13:22:03.574633+01:00,eur,1.1696,1.16965,1.169625
2026-05-05T13:22:10.632004,2026-05-05T13:22:03.574633+01:00,eur,1.1696,1.16965,1.169625
2026-05-05T13:22:11.733961,2026-05-05T13:22:03.574633+01:00,eur,1.1696,1.16965,1.169625
2026-05-05T13:22:12.881063,2026-05-05T13:22:12.611811+01:00,eur,1.16955,1.1696,1.169575
2026-05-05T13:22:13.978924,2026-05-05T13:22:12.611811+01:00,eur,1.16955,1.1696,1.169575
2026-05-05T13:22:15.137581,2026-05-05T13:22:12.611811+01:00,eur,1.16955,1.1696,1.169575
2026-05-05T13:22:16.274246,2026-05-05T13:22:12.611811+01:00,eur,1.16955,1.1696,1.169575
2026-05-05T13:22:17.354688,2026-05-05T13:22:12.611811+01:00,eur,1.16955,1.1696,1.169575
2026-05-05T13:22:18.452410,2026-05-05T13:22:12.611811+01:00,eur,1.16955,1.1696,1.169575
2026-05-05T13:22:19.541106,2026-05-05T13:22:12.611811+01:00,eur,1.16955,1.1696,1.169575
2026-05-05T13:22:20.670816,2026-05-05T13:22:12.611811+01:00,eur,1.16955,1.1696,1.169575
2026-05-05T13:22:21.819064,2026-05-05T13:22:21.084990+01:00,eur,1.1695,1.16955,1.1695250000000001
2026-05-05T13:22:22.932063,2026-05-05T13:22:21.084990+01:00,eur,1.1695,1.16955,1.1695250000000001
2026-05-05T13:22:24.020470,2026-05-05T13:22:21.084990+01:00,eur,1.1695,1.16955,1.1695250000000001
2026-05-05T13:22:25.105865,2026-05-05T13:22:21.084990+01:00,eur,1.1695,1.16955,1.1695250000000001
2026-05-05T13:22:26.150700,2026-05-05T13:22:21.084990+01:00,eur,1.1695,1.16955,1.1695250000000001
2026-05-05T13:22:27.195936,2026-05-05T13:22:21.084990+01:00,eur,1.1695,1.16955,1.1695250000000001
2026-05-05T13:22:28.276568,2026-05-05T13:22:21.084990+01:00,eur,1.1695,1.16955,1.1695250000000001
2026-05-05T13:22:29.354559,2026-05-05T13:22:21.084990+01:00,eur,1.1695,1.16955,1.1695250000000001
2026-05-05T13:22:30.408685,2026-05-05T13:22:30.002296+01:00,eur,1.1695,1.16955,1.1695250000000001
2026-05-05T13:22:31.470595,2026-05-05T13:22:30.002296+01:00,eur,1.1695,1.16955,1.1695250000000001
2026-05-05T13:22:32.542057,2026-05-05T13:22:30.002296+01:00,eur,1.1695,1.16955,1.1695250000000001
2026-05-05T13:22:33.670361,2026-05-05T13:22:30.002296+01:00,eur,1.1695,1.16955,1.1695250000000001
2026-05-05T13:22:34.769191,2026-05-05T13:22:30.002296+01:00,eur,1.1695,1.16955,1.1695250000000001
2026-05-05T13:22:35.842334,2026-05-05T13:22:30.002296+01:00,eur,1.1695,1.16955,1.1695250000000001
2026-05-05T13:22:36.934555,2026-05-05T13:22:30.002296+01:00,eur,1.1695,1.16955,1.1695250000000001
2026-05-05T13:22:38.045940,2026-05-05T13:22:30.002296+01:00,eur,1.1695,1.16955,1.1695250000000001
2026-05-05T13:22:39.227856,2026-05-05T13:22:38.695145+01:00,eur,1.1695,1.16955,1.1695250000000001
2026-05-05T13:22:40.310792,2026-05-05T13:22:38.695145+01:00,eur,1.1695,1.16955,1.1695250000000001
2026-05-05T13:22:41.402596,2026-05-05T13:22:38.695145+01:00,eur,1.1695,1.16955,1.1695250000000001
2026-05-05T13:22:42.486146,2026-05-05T13:22:38.695145+01:00,eur,1.1695,1.16955,1.1695250000000001
2026-05-05T13:22:43.530079,2026-05-05T13:22:38.695145+01:00,eur,1.1695,1.16955,1.1695250000000001
2026-05-05T13:22:44.607122,2026-05-05T13:22:38.695145+01:00,eur,1.1695,1.16955,1.1695250000000001
2026-05-05T13:22:45.708744,2026-05-05T13:22:38.695145+01:00,eur,1.1695,1.16955,1.1695250000000001
2026-05-05T13:22:46.869307,2026-05-05T13:22:38.695145+01:00,eur,1.1695,1.16955,1.1695250000000001
2026-05-05T13:22:48.029580,2026-05-05T13:22:47.716966+01:00,eur,1.1695,1.16955,1.1695250000000001
2026-05-05T13:22:49.131052,2026-05-05T13:22:47.716966+01:00,eur,1.1695,1.16955,1.1695250000000001
2026-05-05T13:22:50.259071,2026-05-05T13:22:47.716966+01:00,eur,1.1695,1.16955,1.1695250000000001
2026-05-05T13:22:51.399821,2026-05-05T13:22:47.716966+01:00,eur,1.1695,1.16955,1.1695250000000001
2026-05-05T13:22:52.543270,2026-05-05T13:22:47.716966+01:00,eur,1.1695,1.16955,1.1695250000000001
2026-05-05T13:22:53.644994,2026-05-05T13:22:47.716966+01:00,eur,1.1695,1.16955,1.1695250000000001
2026-05-05T13:22:54.737831,2026-05-05T13:22:47.716966+01:00,eur,1.1695,1.16955,1.1695250000000001
2026-05-05T13:22:55.836081,2026-05-05T13:22:47.716966+01:00,eur,1.1695,1.16955,1.1695250000000001
2026-05-05T13:22:56.913251,2026-05-05T13:22:56.335345+01:00,eur,1.16945,1.1695,1.169475
2026-05-05T13:22:57.998426,2026-05-05T13:22:56.335345+01:00,eur,1.16945,1.1695,1.169475
2026-05-05T13:22:59.137739,2026-05-05T13:22:56.335345+01:00,eur,1.16945,1.1695,1.169475
2026-05-05T13:23:00.170023,2026-05-05T13:22:56.335345+01:00,eur,1.16945,1.1695,1.169475
2026-05-05T13:23:01.225203,2026-05-05T13:22:56.335345+01:00,eur,1.16945,1.1695,1.169475
2026-05-05T13:23:02.262039,2026-05-05T13:22:56.335345+01:00,eur,1.16945,1.1695,1.169475
2026-05-05T13:23:03.325250,2026-05-05T13:22:56.335345+01:00,eur,1.16945,1.1695,1.169475
2026-05-05T13:23:04.358614,2026-05-05T13:22:56.335345+01:00,eur,1.16945,1.1695,1.169475
2026-05-05T13:23:05.409251,2026-05-05T13:23:05.350753+01:00,eur,1.16945,1.16955,1.1695000000000002
2026-05-05T13:23:06.492560,2026-05-05T13:23:05.350753+01:00,eur,1.16945,1.16955,1.1695000000000002
2026-05-05T13:23:07.522261,2026-05-05T13:23:05.350753+01:00,eur,1.16945,1.16955,1.1695000000000002
2026-05-05T13:23:08.566048,2026-05-05T13:23:05.350753+01:00,eur,1.16945,1.16955,1.1695000000000002
2026-05-05T13:23:09.595508,2026-05-05T13:23:05.350753+01:00,eur,1.16945,1.16955,1.1695000000000002
2026-05-05T13:23:10.654014,2026-05-05T13:23:05.350753+01:00,eur,1.16945,1.16955,1.1695000000000002
2026-05-05T13:23:11.695422,2026-05-05T13:23:05.350753+01:00,eur,1.16945,1.16955,1.1695000000000002
2026-05-05T13:23:12.723546,2026-05-05T13:23:05.350753+01:00,eur,1.16945,1.16955,1.1695000000000002
2026-05-05T13:23:13.744069,2026-05-05T13:23:05.350753+01:00,eur,1.16945,1.16955,1.1695000000000002
2026-05-05T13:23:14.760409,2026-05-05T13:23:14.163720+01:00,eur,1.1695,1.16955,1.1695250000000001
2026-05-05T13:23:15.814212,2026-05-05T13:23:14.163720+01:00,eur,1.1695,1.16955,1.1695250000000001
2026-05-05T13:23:16.855822,2026-05-05T13:23:14.163720+01:00,eur,1.1695,1.16955,1.1695250000000001
2026-05-05T13:23:17.911924,2026-05-05T13:23:14.163720+01:00,eur,1.1695,1.16955,1.1695250000000001
2026-05-05T13:23:18.992739,2026-05-05T13:23:14.163720+01:00,eur,1.1695,1.16955,1.1695250000000001
2026-05-05T13:23:20.080980,2026-05-05T13:23:14.163720+01:00,eur,1.1695,1.16955,1.1695250000000001
2026-05-05T13:23:21.122930,2026-05-05T13:23:14.163720+01:00,eur,1.1695,1.16955,1.1695250000000001
2026-05-05T13:23:22.174761,2026-05-05T13:23:14.163720+01:00,eur,1.1695,1.16955,1.1695250000000001
2026-05-05T13:23:23.241443,2026-05-05T13:23:22.940137+01:00,eur,1.1695,1.16955,1.1695250000000001
2026-05-05T13:23:24.291883,2026-05-05T13:23:22.940137+01:00,eur,1.1695,1.16955,1.1695250000000001
2026-05-05T13:23:25.365148,2026-05-05T13:23:22.940137+01:00,eur,1.1695,1.16955,1.1695250000000001
2026-05-05T13:23:26.408245,2026-05-05T13:23:22.940137+01:00,eur,1.1695,1.16955,1.1695250000000001
2026-05-05T13:23:27.463734,2026-05-05T13:23:22.940137+01:00,eur,1.1695,1.16955,1.1695250000000001
2026-05-05T13:23:28.538532,2026-05-05T13:23:22.940137+01:00,eur,1.1695,1.16955,1.1695250000000001
2026-05-05T13:23:29.617034,2026-05-05T13:23:22.940137+01:00,eur,1.1695,1.16955,1.1695250000000001
2026-05-05T13:23:30.670393,2026-05-05T13:23:22.940137+01:00,eur,1.1695,1.16955,1.1695250000000001
2026-05-05T13:23:31.732460,2026-05-05T13:23:22.940137+01:00,eur,1.1695,1.16955,1.1695250000000001
2026-05-05T13:23:32.813560,2026-05-05T13:23:32.044484+01:00,eur,1.16955,1.1696,1.169575
2026-05-05T13:23:33.880974,2026-05-05T13:23:32.044484+01:00,eur,1.16955,1.1696,1.169575
2026-05-05T13:23:34.957744,2026-05-05T13:23:32.044484+01:00,eur,1.16955,1.1696,1.169575
2026-05-05T13:23:36.051415,2026-05-05T13:23:32.044484+01:00,eur,1.16955,1.1696,1.169575
2026-05-05T13:23:37.217703,2026-05-05T13:23:32.044484+01:00,eur,1.16955,1.1696,1.169575
2026-05-05T13:23:38.420962,2026-05-05T13:23:32.044484+01:00,eur,1.16955,1.1696,1.169575
2026-05-05T13:23:39.611380,2026-05-05T13:23:32.044484+01:00,eur,1.16955,1.1696,1.169575
2026-05-05T13:23:40.792694,2026-05-05T13:23:40.687081+01:00,eur,1.16945,1.1695,1.169475
2026-05-05T13:23:42.063480,2026-05-05T13:23:40.687081+01:00,eur,1.16945,1.1695,1.169475
2026-05-05T13:23:43.549831,2026-05-05T13:23:40.687081+01:00,eur,1.16945,1.1695,1.169475
2026-05-05T13:23:44.831381,2026-05-05T13:23:40.687081+01:00,eur,1.16945,1.1695,1.169475
2026-05-05T13:23:46.090025,2026-05-05T13:23:40.687081+01:00,eur,1.16945,1.1695,1.169475
2026-05-05T13:23:47.337487,2026-05-05T13:23:40.687081+01:00,eur,1.16945,1.1695,1.169475
2026-05-05T13:23:48.523153,2026-05-05T13:23:40.687081+01:00,eur,1.16945,1.1695,1.169475
2026-05-05T13:23:49.729348,2026-05-05T13:23:40.687081+01:00,eur,1.16945,1.1695,1.169475
2026-05-05T13:23:50.959325,2026-05-05T13:23:40.687081+01:00,eur,1.16945,1.1695,1.169475
2026-05-05T13:23:52.046912,2026-05-05T13:23:40.687081+01:00,eur,1.16945,1.1695,1.169475
2026-05-05T13:23:53.189491,2026-05-05T13:23:40.687081+01:00,eur,1.16945,1.1695,1.169475
2026-05-05T13:23:54.350845,2026-05-05T13:23:40.687081+01:00,eur,1.16945,1.1695,1.169475
2026-05-05T13:23:55.473343,2026-05-05T13:23:40.687081+01:00,eur,1.16945,1.1695,1.169475
2026-05-05T13:23:56.634427,2026-05-05T13:23:40.687081+01:00,eur,1.16945,1.1695,1.169475
2026-05-05T13:23:57.768643,2026-05-05T13:23:40.687081+01:00,eur,1.16945,1.1695,1.169475
2026-05-05T13:23:58.926225,2026-05-05T13:23:40.687081+01:00,eur,1.16945,1.1695,1.169475
2026-05-05T13:24:00.101331,2026-05-05T13:23:40.687081+01:00,eur,1.16945,1.1695,1.169475
2026-05-05T13:24:01.236182,2026-05-05T13:23:40.687081+01:00,eur,1.16945,1.1695,1.169475
2026-05-05T13:24:02.445535,2026-05-05T13:23:40.687081+01:00,eur,1.16945,1.1695,1.169475
2026-05-05T13:24:03.593280,2026-05-05T13:23:40.687081+01:00,eur,1.16945,1.1695,1.169475
2026-05-05T13:24:04.779063,2026-05-05T13:23:40.687081+01:00,eur,1.16945,1.1695,1.169475
2026-05-05T13:24:05.857814,2026-05-05T13:23:40.687081+01:00,eur,1.16945,1.1695,1.169475
2026-05-05T13:24:07.053216,2026-05-05T13:23:40.687081+01:00,eur,1.16945,1.1695,1.169475
2026-05-05T13:24:08.261684,2026-05-05T13:23:40.687081+01:00,eur,1.16945,1.1695,1.169475
2026-05-05T13:24:09.457783,2026-05-05T13:23:40.687081+01:00,eur,1.16945,1.1695,1.169475
2026-05-05T13:24:10.681601,2026-05-05T13:23:40.687081+01:00,eur,1.16945,1.1695,1.169475
2026-05-05T13:24:11.785758,2026-05-05T13:23:40.687081+01:00,eur,1.16945,1.1695,1.169475
2026-05-05T13:24:12.982906,2026-05-05T13:23:40.687081+01:00,eur,1.16945,1.1695,1.169475
2026-05-05T13:24:14.148253,2026-05-05T13:23:40.687081+01:00,eur,1.16945,1.1695,1.169475
2026-05-05T13:24:15.363473,2026-05-05T13:23:40.687081+01:00,eur,1.16945,1.1695,1.169475
2026-05-05T13:24:16.577261,2026-05-05T13:23:40.687081+01:00,eur,1.16945,1.1695,1.169475
2026-05-05T13:24:17.740551,2026-05-05T13:23:40.687081+01:00,eur,1.16945,1.1695,1.169475
2026-05-05T13:24:18.899512,2026-05-05T13:23:40.687081+01:00,eur,1.16945,1.1695,1.169475
2026-05-05T13:24:20.032800,2026-05-05T13:23:40.687081+01:00,eur,1.16945,1.1695,1.169475
2026-05-05T13:24:21.156416,2026-05-05T13:23:40.687081+01:00,eur,1.16945,1.1695,1.169475
2026-05-05T13:24:22.244159,2026-05-05T13:23:40.687081+01:00,eur,1.16945,1.1695,1.169475
2026-05-05T13:24:23.327808,2026-05-05T13:23:40.687081+01:00,eur,1.16945,1.1695,1.169475
2026-05-05T13:24:24.415235,2026-05-05T13:23:40.687081+01:00,eur,1.16945,1.1695,1.169475
2026-05-05T13:24:25.463274,2026-05-05T13:23:40.687081+01:00,eur,1.16945,1.1695,1.169475
2026-05-05T13:24:26.547347,2026-05-05T13:23:40.687081+01:00,eur,1.16945,1.1695,1.169475
2026-05-05T13:24:27.710373,2026-05-05T13:23:40.687081+01:00,eur,1.16945,1.1695,1.169475
2026-05-05T13:24:28.795140,2026-05-05T13:24:28.562979+01:00,eur,1.16935,1.16945,1.1694
2026-05-05T13:24:29.901811,2026-05-05T13:24:28.562979+01:00,eur,1.16935,1.16945,1.1694
2026-05-05T13:24:30.986945,2026-05-05T13:24:28.562979+01:00,eur,1.16935,1.16945,1.1694
2026-05-05T13:24:32.128442,2026-05-05T13:24:28.562979+01:00,eur,1.16935,1.16945,1.1694
2026-05-05T13:24:33.222326,2026-05-05T13:24:28.562979+01:00,eur,1.16935,1.16945,1.1694
2026-05-05T13:24:34.323736,2026-05-05T13:24:28.562979+01:00,eur,1.16935,1.16945,1.1694
2026-05-05T13:24:35.464459,2026-05-05T13:24:28.562979+01:00,eur,1.16935,1.16945,1.1694
2026-05-05T13:24:36.646080,2026-05-05T13:24:36.528942+01:00,eur,1.16935,1.1694,1.169375
2026-05-05T13:24:37.830046,2026-05-05T13:24:36.528942+01:00,eur,1.16935,1.1694,1.169375
2026-05-05T13:24:39.155890,2026-05-05T13:24:36.528942+01:00,eur,1.16935,1.1694,1.169375
2026-05-05T13:24:40.331303,2026-05-05T13:24:36.528942+01:00,eur,1.16935,1.1694,1.169375
2026-05-05T13:24:41.476950,2026-05-05T13:24:36.528942+01:00,eur,1.16935,1.1694,1.169375
2026-05-05T13:24:42.638603,2026-05-05T13:24:36.528942+01:00,eur,1.16935,1.1694,1.169375
2026-05-05T13:24:43.818119,2026-05-05T13:24:36.528942+01:00,eur,1.16935,1.1694,1.169375
2026-05-05T13:24:45.019728,2026-05-05T13:24:36.528942+01:00,eur,1.16935,1.1694,1.169375
2026-05-05T13:24:46.215077,2026-05-05T13:24:45.819406+01:00,eur,1.16935,1.1694,1.169375
2026-05-05T13:24:47.359381,2026-05-05T13:24:45.819406+01:00,eur,1.16935,1.1694,1.169375
2026-05-05T13:24:48.506490,2026-05-05T13:24:45.819406+01:00,eur,1.16935,1.1694,1.169375
2026-05-05T13:24:49.645442,2026-05-05T13:24:45.819406+01:00,eur,1.16935,1.1694,1.169375
2026-05-05T13:24:50.885007,2026-05-05T13:24:45.819406+01:00,eur,1.16935,1.1694,1.169375
2026-05-05T13:24:51.991777,2026-05-05T13:24:45.819406+01:00,eur,1.16935,1.1694,1.169375
2026-05-05T13:24:53.125811,2026-05-05T13:24:45.819406+01:00,eur,1.16935,1.1694,1.169375
2026-05-05T13:24:54.208864,2026-05-05T13:24:45.819406+01:00,eur,1.16935,1.1694,1.169375
2026-05-05T13:24:55.364299,2026-05-05T13:24:54.479125+01:00,eur,1.16935,1.1694,1.169375
2026-05-05T13:24:56.575719,2026-05-05T13:24:54.479125+01:00,eur,1.16935,1.1694,1.169375
2026-05-05T13:24:57.703269,2026-05-05T13:24:54.479125+01:00,eur,1.16935,1.1694,1.169375
2026-05-05T13:24:58.841514,2026-05-05T13:24:54.479125+01:00,eur,1.16935,1.1694,1.169375
2026-05-05T13:24:59.963118,2026-05-05T13:24:54.479125+01:00,eur,1.16935,1.1694,1.169375
2026-05-05T13:25:01.103543,2026-05-05T13:24:54.479125+01:00,eur,1.16935,1.1694,1.169375
2026-05-05T13:25:02.261767,2026-05-05T13:24:54.479125+01:00,eur,1.16935,1.1694,1.169375
2026-05-05T13:25:03.371551,2026-05-05T13:24:54.479125+01:00,eur,1.16935,1.1694,1.169375
2026-05-05T13:25:04.508941,2026-05-05T13:25:03.630222+01:00,eur,1.16935,1.1694,1.169375
2026-05-05T13:25:05.645033,2026-05-05T13:25:03.630222+01:00,eur,1.16935,1.1694,1.169375
2026-05-05T13:25:06.784104,2026-05-05T13:25:03.630222+01:00,eur,1.16935,1.1694,1.169375
2026-05-05T13:25:07.925072,2026-05-05T13:25:03.630222+01:00,eur,1.16935,1.1694,1.169375
2026-05-05T13:25:09.047364,2026-05-05T13:25:03.630222+01:00,eur,1.16935,1.1694,1.169375
2026-05-05T13:25:10.197325,2026-05-05T13:25:03.630222+01:00,eur,1.16935,1.1694,1.169375
2026-05-05T13:25:11.371772,2026-05-05T13:25:03.630222+01:00,eur,1.16935,1.1694,1.169375
2026-05-05T13:25:12.536002,2026-05-05T13:25:12.144266+01:00,eur,1.1694,1.16945,1.169425
2026-05-05T13:25:13.664522,2026-05-05T13:25:12.144266+01:00,eur,1.1694,1.16945,1.169425
2026-05-05T13:25:14.791914,2026-05-05T13:25:12.144266+01:00,eur,1.1694,1.16945,1.169425
2026-05-05T13:25:15.906424,2026-05-05T13:25:12.144266+01:00,eur,1.1694,1.16945,1.169425
2026-05-05T13:25:17.016471,2026-05-05T13:25:12.144266+01:00,eur,1.1694,1.16945,1.169425
2026-05-05T13:25:18.147743,2026-05-05T13:25:12.144266+01:00,eur,1.1694,1.16945,1.169425
2026-05-05T13:25:19.265993,2026-05-05T13:25:12.144266+01:00,eur,1.1694,1.16945,1.169425
2026-05-05T13:25:20.434597,2026-05-05T13:25:12.144266+01:00,eur,1.1694,1.16945,1.169425
2026-05-05T13:25:21.527293,2026-05-05T13:25:21.329065+01:00,eur,1.1695,1.16955,1.1695250000000001
2026-05-05T13:25:22.633478,2026-05-05T13:25:21.329065+01:00,eur,1.1695,1.16955,1.1695250000000001
2026-05-05T13:25:23.755823,2026-05-05T13:25:21.329065+01:00,eur,1.1695,1.16955,1.1695250000000001
2026-05-05T13:25:24.916938,2026-05-05T13:25:21.329065+01:00,eur,1.1695,1.16955,1.1695250000000001
2026-05-05T13:25:26.025825,2026-05-05T13:25:21.329065+01:00,eur,1.1695,1.16955,1.1695250000000001
2026-05-05T13:25:27.153000,2026-05-05T13:25:21.329065+01:00,eur,1.1695,1.16955,1.1695250000000001
2026-05-05T13:25:28.240127,2026-05-05T13:25:21.329065+01:00,eur,1.1695,1.16955,1.1695250000000001
2026-05-05T13:25:29.307005,2026-05-05T13:25:21.329065+01:00,eur,1.1695,1.16955,1.1695250000000001
2026-05-05T13:25:30.379823,2026-05-05T13:25:29.772218+01:00,eur,1.1695,1.16955,1.1695250000000001
2026-05-05T13:25:31.509291,2026-05-05T13:25:29.772218+01:00,eur,1.1695,1.16955,1.1695250000000001
2026-05-05T13:25:32.625633,2026-05-05T13:25:29.772218+01:00,eur,1.1695,1.16955,1.1695250000000001
2026-05-05T13:25:33.705176,2026-05-05T13:25:29.772218+01:00,eur,1.1695,1.16955,1.1695250000000001
2026-05-05T13:25:34.874326,2026-05-05T13:25:29.772218+01:00,eur,1.1695,1.16955,1.1695250000000001
2026-05-05T13:25:36.061055,2026-05-05T13:25:29.772218+01:00,eur,1.1695,1.16955,1.1695250000000001
2026-05-05T13:25:37.229704,2026-05-05T13:25:29.772218+01:00,eur,1.1695,1.16955,1.1695250000000001
2026-05-05T13:25:38.366379,2026-05-05T13:25:29.772218+01:00,eur,1.1695,1.16955,1.1695250000000001
2026-05-05T13:25:39.539975,2026-05-05T13:25:38.471567+01:00,eur,1.1695,1.16955,1.1695250000000001
2026-05-05T13:25:40.771666,2026-05-05T13:25:38.471567+01:00,eur,1.1695,1.16955,1.1695250000000001
2026-05-05T13:25:42.255893,2026-05-05T13:25:38.471567+01:00,eur,1.1695,1.16955,1.1695250000000001
2026-05-05T13:25:43.492317,2026-05-05T13:25:38.471567+01:00,eur,1.1695,1.16955,1.1695250000000001
2026-05-05T13:25:44.708563,2026-05-05T13:25:38.471567+01:00,eur,1.1695,1.16955,1.1695250000000001
2026-05-05T13:25:45.916629,2026-05-05T13:25:38.471567+01:00,eur,1.1695,1.16955,1.1695250000000001
2026-05-05T13:25:47.142201,2026-05-05T13:25:38.471567+01:00,eur,1.1695,1.16955,1.1695250000000001
2026-05-05T13:25:48.337919,2026-05-05T13:25:47.846603+01:00,eur,1.1695,1.16955,1.1695250000000001
2026-05-05T13:25:49.540130,2026-05-05T13:25:47.846603+01:00,eur,1.1695,1.16955,1.1695250000000001
2026-05-05T13:25:50.741269,2026-05-05T13:25:47.846603+01:00,eur,1.1695,1.16955,1.1695250000000001
2026-05-05T13:25:51.885655,2026-05-05T13:25:47.846603+01:00,eur,1.1695,1.16955,1.1695250000000001
2026-05-05T13:25:53.038833,2026-05-05T13:25:47.846603+01:00,eur,1.1695,1.16955,1.1695250000000001
2026-05-05T13:25:54.202112,2026-05-05T13:25:47.846603+01:00,eur,1.1695,1.16955,1.1695250000000001
2026-05-05T13:25:55.340684,2026-05-05T13:25:47.846603+01:00,eur,1.1695,1.16955,1.1695250000000001
2026-05-05T13:25:56.452301,2026-05-05T13:25:56.360821+01:00,eur,1.16955,1.1696,1.169575
2026-05-05T13:25:57.546789,2026-05-05T13:25:56.360821+01:00,eur,1.16955,1.1696,1.169575
2026-05-05T13:25:58.660938,2026-05-05T13:25:56.360821+01:00,eur,1.16955,1.1696,1.169575
2026-05-05T13:25:59.780795,2026-05-05T13:25:56.360821+01:00,eur,1.16955,1.1696,1.169575
2026-05-05T13:26:00.961542,2026-05-05T13:25:56.360821+01:00,eur,1.16955,1.1696,1.169575
2026-05-05T13:26:02.151593,2026-05-05T13:25:56.360821+01:00,eur,1.16955,1.1696,1.169575
2026-05-05T13:26:03.357344,2026-05-05T13:25:56.360821+01:00,eur,1.16955,1.1696,1.169575
2026-05-05T13:26:04.488568,2026-05-05T13:25:56.360821+01:00,eur,1.16955,1.1696,1.169575
2026-05-05T13:26:05.625135,2026-05-05T13:26:05.539378+01:00,eur,1.16955,1.1696,1.169575
2026-05-05T13:26:06.719167,2026-05-05T13:26:05.539378+01:00,eur,1.16955,1.1696,1.169575
2026-05-05T13:26:07.842342,2026-05-05T13:26:05.539378+01:00,eur,1.16955,1.1696,1.169575
2026-05-05T13:26:08.966296,2026-05-05T13:26:05.539378+01:00,eur,1.16955,1.1696,1.169575
2026-05-05T13:26:10.182711,2026-05-05T13:26:05.539378+01:00,eur,1.16955,1.1696,1.169575
2026-05-05T13:26:11.549964,2026-05-05T13:26:05.539378+01:00,eur,1.16955,1.1696,1.169575
2026-05-05T13:26:12.724241,2026-05-05T13:26:05.539378+01:00,eur,1.16955,1.1696,1.169575
2026-05-05T13:26:14.166331,2026-05-05T13:26:05.539378+01:00,eur,1.16955,1.1696,1.169575
2026-05-05T13:26:15.354739,2026-05-05T13:26:15.178566+01:00,eur,1.16955,1.1696,1.169575
2026-05-05T13:26:16.478278,2026-05-05T13:26:15.178566+01:00,eur,1.16955,1.1696,1.169575
2026-05-05T13:26:17.564987,2026-05-05T13:26:15.178566+01:00,eur,1.16955,1.1696,1.169575
2026-05-05T13:26:18.711739,2026-05-05T13:26:15.178566+01:00,eur,1.16955,1.1696,1.169575
2026-05-05T13:26:19.858020,2026-05-05T13:26:15.178566+01:00,eur,1.16955,1.1696,1.169575
2026-05-05T13:26:20.962404,2026-05-05T13:26:15.178566+01:00,eur,1.16955,1.1696,1.169575
2026-05-05T13:26:22.078775,2026-05-05T13:26:15.178566+01:00,eur,1.16955,1.1696,1.169575
2026-05-05T13:26:23.199640,2026-05-05T13:26:15.178566+01:00,eur,1.16955,1.1696,1.169575
2026-05-05T13:26:24.334967,2026-05-05T13:26:23.853176+01:00,eur,1.1696,1.16965,1.169625
2026-05-05T13:26:25.430994,2026-05-05T13:26:23.853176+01:00,eur,1.1696,1.16965,1.169625
2026-05-05T13:26:26.556869,2026-05-05T13:26:23.853176+01:00,eur,1.1696,1.16965,1.169625
2026-05-05T13:26:27.671517,2026-05-05T13:26:23.853176+01:00,eur,1.1696,1.16965,1.169625
2026-05-05T13:26:28.794904,2026-05-05T13:26:23.853176+01:00,eur,1.1696,1.16965,1.169625
2026-05-05T13:26:29.894985,2026-05-05T13:26:23.853176+01:00,eur,1.1696,1.16965,1.169625
2026-05-05T13:26:30.992049,2026-05-05T13:26:23.853176+01:00,eur,1.1696,1.16965,1.169625
2026-05-05T13:26:32.135747,2026-05-05T13:26:23.853176+01:00,eur,1.1696,1.16965,1.169625
2026-05-05T13:26:33.321630,2026-05-05T13:26:32.897029+01:00,eur,1.1697,1.16975,1.1697250000000001
2026-05-05T13:26:34.597424,2026-05-05T13:26:32.897029+01:00,eur,1.1697,1.16975,1.1697250000000001
2026-05-05T13:26:35.801820,2026-05-05T13:26:32.897029+01:00,eur,1.1697,1.16975,1.1697250000000001
2026-05-05T13:26:36.976215,2026-05-05T13:26:32.897029+01:00,eur,1.1697,1.16975,1.1697250000000001
2026-05-05T13:26:38.277945,2026-05-05T13:26:32.897029+01:00,eur,1.1697,1.16975,1.1697250000000001
2026-05-05T13:26:39.490634,2026-05-05T13:26:32.897029+01:00,eur,1.1697,1.16975,1.1697250000000001
2026-05-05T13:26:40.666529,2026-05-05T13:26:32.897029+01:00,eur,1.1697,1.16975,1.1697250000000001
2026-05-05T13:26:41.826830,2026-05-05T13:26:32.897029+01:00,eur,1.1697,1.16975,1.1697250000000001
2026-05-05T13:26:42.940651,2026-05-05T13:26:42.191815+01:00,eur,1.16975,1.1698,1.169775
2026-05-05T13:26:44.024526,2026-05-05T13:26:42.191815+01:00,eur,1.16975,1.1698,1.169775
2026-05-05T13:26:45.119205,2026-05-05T13:26:42.191815+01:00,eur,1.16975,1.1698,1.169775
2026-05-05T13:26:46.249480,2026-05-05T13:26:42.191815+01:00,eur,1.16975,1.1698,1.169775
2026-05-05T13:26:47.380984,2026-05-05T13:26:42.191815+01:00,eur,1.16975,1.1698,1.169775
2026-05-05T13:26:48.512878,2026-05-05T13:26:42.191815+01:00,eur,1.16975,1.1698,1.169775
2026-05-05T13:26:49.630822,2026-05-05T13:26:42.191815+01:00,eur,1.16975,1.1698,1.169775
2026-05-05T13:26:50.797172,2026-05-05T13:26:42.191815+01:00,eur,1.16975,1.1698,1.169775
2026-05-05T13:26:51.959760,2026-05-05T13:26:50.991220+01:00,eur,1.16965,1.1697,1.169675
2026-05-05T13:26:53.087169,2026-05-05T13:26:50.991220+01:00,eur,1.16965,1.1697,1.169675
2026-05-05T13:26:54.166427,2026-05-05T13:26:50.991220+01:00,eur,1.16965,1.1697,1.169675
2026-05-05T13:26:55.252428,2026-05-05T13:26:50.991220+01:00,eur,1.16965,1.1697,1.169675
2026-05-05T13:26:56.309032,2026-05-05T13:26:50.991220+01:00,eur,1.16965,1.1697,1.169675
2026-05-05T13:26:57.412124,2026-05-05T13:26:50.991220+01:00,eur,1.16965,1.1697,1.169675
2026-05-05T13:26:58.527989,2026-05-05T13:26:50.991220+01:00,eur,1.16965,1.1697,1.169675
2026-05-05T13:26:59.598869,2026-05-05T13:26:59.462867+01:00,eur,1.1697,1.16975,1.1697250000000001
2026-05-05T13:27:00.683047,2026-05-05T13:26:59.462867+01:00,eur,1.1697,1.16975,1.1697250000000001
2026-05-05T13:27:01.768855,2026-05-05T13:26:59.462867+01:00,eur,1.1697,1.16975,1.1697250000000001
2026-05-05T13:27:02.831870,2026-05-05T13:26:59.462867+01:00,eur,1.1697,1.16975,1.1697250000000001
2026-05-05T13:27:03.924404,2026-05-05T13:26:59.462867+01:00,eur,1.1697,1.16975,1.1697250000000001
2026-05-05T13:27:05.025890,2026-05-05T13:26:59.462867+01:00,eur,1.1697,1.16975,1.1697250000000001
2026-05-05T13:27:06.051756,2026-05-05T13:26:59.462867+01:00,eur,1.1697,1.16975,1.1697250000000001
2026-05-05T13:27:07.104707,2026-05-05T13:26:59.462867+01:00,eur,1.1697,1.16975,1.1697250000000001
2026-05-05T13:27:08.149735,2026-05-05T13:26:59.462867+01:00,eur,1.1697,1.16975,1.1697250000000001
2026-05-05T13:27:09.201978,2026-05-05T13:27:08.477916+01:00,eur,1.1697,1.16975,1.1697250000000001
2026-05-05T13:27:10.296875,2026-05-05T13:27:08.477916+01:00,eur,1.1697,1.16975,1.1697250000000001
2026-05-05T13:27:11.405669,2026-05-05T13:27:08.477916+01:00,eur,1.1697,1.16975,1.1697250000000001
2026-05-05T13:27:12.470510,2026-05-05T13:27:08.477916+01:00,eur,1.1697,1.16975,1.1697250000000001
2026-05-05T13:27:13.594202,2026-05-05T13:27:08.477916+01:00,eur,1.1697,1.16975,1.1697250000000001
2026-05-05T13:27:14.651919,2026-05-05T13:27:08.477916+01:00,eur,1.1697,1.16975,1.1697250000000001
2026-05-05T13:27:15.742587,2026-05-05T13:27:08.477916+01:00,eur,1.1697,1.16975,1.1697250000000001
2026-05-05T13:27:16.813113,2026-05-05T13:27:08.477916+01:00,eur,1.1697,1.16975,1.1697250000000001
2026-05-05T13:27:17.865972,2026-05-05T13:27:17.498287+01:00,eur,1.16965,1.1697,1.169675
2026-05-05T13:27:18.906656,2026-05-05T13:27:17.498287+01:00,eur,1.16965,1.1697,1.169675
2026-05-05T13:27:19.952822,2026-05-05T13:27:17.498287+01:00,eur,1.16965,1.1697,1.169675
2026-05-05T13:27:20.981076,2026-05-05T13:27:17.498287+01:00,eur,1.16965,1.1697,1.169675
2026-05-05T13:27:22.004824,2026-05-05T13:27:17.498287+01:00,eur,1.16965,1.1697,1.169675
2026-05-05T13:27:23.058484,2026-05-05T13:27:17.498287+01:00,eur,1.16965,1.1697,1.169675
2026-05-05T13:27:24.082025,2026-05-05T13:27:17.498287+01:00,eur,1.16965,1.1697,1.169675
2026-05-05T13:27:25.106726,2026-05-05T13:27:17.498287+01:00,eur,1.16965,1.1697,1.169675
2026-05-05T13:27:26.151526,2026-05-05T13:27:17.498287+01:00,eur,1.16965,1.1697,1.169675
2026-05-05T13:27:27.228469,2026-05-05T13:27:26.323916+01:00,eur,1.16965,1.1697,1.169675
2026-05-05T13:27:28.252372,2026-05-05T13:27:26.323916+01:00,eur,1.16965,1.1697,1.169675
2026-05-05T13:27:29.287604,2026-05-05T13:27:26.323916+01:00,eur,1.16965,1.1697,1.169675
2026-05-05T13:27:30.326816,2026-05-05T13:27:26.323916+01:00,eur,1.16965,1.1697,1.169675
2026-05-05T13:27:31.365957,2026-05-05T13:27:26.323916+01:00,eur,1.16965,1.1697,1.169675
2026-05-05T13:27:32.413246,2026-05-05T13:27:26.323916+01:00,eur,1.16965,1.1697,1.169675
2026-05-05T13:27:33.463909,2026-05-05T13:27:26.323916+01:00,eur,1.16965,1.1697,1.169675
2026-05-05T13:27:34.517434,2026-05-05T13:27:26.323916+01:00,eur,1.16965,1.1697,1.169675
2026-05-05T13:27:35.624300,2026-05-05T13:27:35.348054+01:00,eur,1.16965,1.1697,1.169675
2026-05-05T13:27:36.684032,2026-05-05T13:27:35.348054+01:00,eur,1.16965,1.1697,1.169675
2026-05-05T13:27:37.776694,2026-05-05T13:27:35.348054+01:00,eur,1.16965,1.1697,1.169675
2026-05-05T13:27:38.889339,2026-05-05T13:27:35.348054+01:00,eur,1.16965,1.1697,1.169675
2026-05-05T13:27:40.139587,2026-05-05T13:27:35.348054+01:00,eur,1.16965,1.1697,1.169675
2026-05-05T13:27:42.166585,2026-05-05T13:27:35.348054+01:00,eur,1.16965,1.1697,1.169675
2026-05-05T13:27:43.964033,2026-05-05T13:27:35.348054+01:00,eur,1.16965,1.1697,1.169675
2026-05-05T13:27:45.272743,2026-05-05T13:27:44.619307+01:00,eur,1.1696,1.16965,1.169625
2026-05-05T13:27:46.344498,2026-05-05T13:27:44.619307+01:00,eur,1.1696,1.16965,1.169625
2026-05-05T13:27:47.646139,2026-05-05T13:27:44.619307+01:00,eur,1.1696,1.16965,1.169625
2026-05-05T13:27:49.620873,2026-05-05T13:27:44.619307+01:00,eur,1.1696,1.16965,1.169625
2026-05-05T13:27:51.466657,2026-05-05T13:27:44.619307+01:00,eur,1.1696,1.16965,1.169625
2026-05-05T13:27:53.281900,2026-05-05T13:27:44.619307+01:00,eur,1.1696,1.16965,1.169625
2026-05-05T13:27:54.862809,2026-05-05T13:27:53.272180+01:00,eur,1.16965,1.1697,1.169675
2026-05-05T13:27:56.042163,2026-05-05T13:27:53.272180+01:00,eur,1.16965,1.1697,1.169675
2026-05-05T13:27:57.279579,2026-05-05T13:27:53.272180+01:00,eur,1.16965,1.1697,1.169675
2026-05-05T13:27:59.242404,2026-05-05T13:27:53.272180+01:00,eur,1.16965,1.1697,1.169675
2026-05-05T13:28:01.382743,2026-05-05T13:27:53.272180+01:00,eur,1.16965,1.1697,1.169675
2026-05-05T13:28:03.418453,2026-05-05T13:28:02.287687+01:00,eur,1.16965,1.1697,1.169675
2026-05-05T13:28:05.461335,2026-05-05T13:28:02.287687+01:00,eur,1.16965,1.1697,1.169675
2026-05-05T13:28:07.539351,2026-05-05T13:28:02.287687+01:00,eur,1.16965,1.1697,1.169675
2026-05-05T13:28:09.496930,2026-05-05T13:28:02.287687+01:00,eur,1.16965,1.1697,1.169675
2026-05-05T13:28:11.704801,2026-05-05T13:28:11.490976+01:00,eur,1.1696,1.1697,1.1696499999999999
2026-05-05T13:28:13.989633,2026-05-05T13:28:11.490976+01:00,eur,1.1696,1.1697,1.1696499999999999
2026-05-05T13:28:15.753763,2026-05-05T13:28:11.490976+01:00,eur,1.1696,1.1697,1.1696499999999999
2026-05-05T13:28:17.723116,2026-05-05T13:28:11.490976+01:00,eur,1.1696,1.1697,1.1696499999999999
2026-05-05T13:28:19.501704,2026-05-05T13:28:11.490976+01:00,eur,1.1696,1.1697,1.1696499999999999
2026-05-05T13:28:21.260446,2026-05-05T13:28:20.296344+01:00,eur,1.1696,1.16965,1.169625
2026-05-05T13:28:23.037092,2026-05-05T13:28:20.296344+01:00,eur,1.1696,1.16965,1.169625
2026-05-05T13:28:25.412818,2026-05-05T13:28:20.296344+01:00,eur,1.1696,1.16965,1.169625
2026-05-05T13:28:27.368116,2026-05-05T13:28:20.296344+01:00,eur,1.1696,1.16965,1.169625
2026-05-05T13:28:29.577887,2026-05-05T13:28:20.296344+01:00,eur,1.1696,1.16965,1.169625
2026-05-05T13:28:32.042092,2026-05-05T13:28:20.296344+01:00,eur,1.1696,1.16965,1.169625
2026-05-05T13:28:34.285655,2026-05-05T13:28:20.296344+01:00,eur,1.1696,1.16965,1.169625
2026-05-05T13:28:36.292357,2026-05-05T13:28:20.296344+01:00,eur,1.1696,1.16965,1.169625
2026-05-05T13:28:38.521174,2026-05-05T13:28:20.296344+01:00,eur,1.1696,1.16965,1.169625
2026-05-05T13:28:40.930542,2026-05-05T13:28:20.296344+01:00,eur,1.1696,1.16965,1.169625
2026-05-05T13:28:43.037146,2026-05-05T13:28:20.296344+01:00,eur,1.1696,1.16965,1.169625
2026-05-05T13:28:45.220826,2026-05-05T13:28:20.296344+01:00,eur,1.1696,1.16965,1.169625
2026-05-05T13:28:47.175579,2026-05-05T13:28:20.296344+01:00,eur,1.1696,1.16965,1.169625
2026-05-05T13:28:48.947416,2026-05-05T13:28:20.296344+01:00,eur,1.1696,1.16965,1.169625
2026-05-05T13:28:50.930218,2026-05-05T13:28:20.296344+01:00,eur,1.1696,1.16965,1.169625
2026-05-05T13:28:53.085135,2026-05-05T13:28:20.296344+01:00,eur,1.1696,1.16965,1.169625
2026-05-05T13:28:54.989863,2026-05-05T13:28:20.296344+01:00,eur,1.1696,1.16965,1.169625
2026-05-05T13:28:57.023172,2026-05-05T13:28:20.296344+01:00,eur,1.1696,1.16965,1.169625
2026-05-05T13:28:59.048331,2026-05-05T13:28:20.296344+01:00,eur,1.1696,1.16965,1.169625
2026-05-05T13:29:01.211214,2026-05-05T13:28:20.296344+01:00,eur,1.1696,1.16965,1.169625
2026-05-05T13:29:03.256960,2026-05-05T13:28:20.296344+01:00,eur,1.1696,1.16965,1.169625
2026-05-05T13:29:05.112390,2026-05-05T13:28:20.296344+01:00,eur,1.1696,1.16965,1.169625
2026-05-05T13:29:07.021849,2026-05-05T13:28:20.296344+01:00,eur,1.1696,1.16965,1.169625
2026-05-05T13:29:09.114224,2026-05-05T13:28:20.296344+01:00,eur,1.1696,1.16965,1.169625
2026-05-05T13:29:10.786991,2026-05-05T13:28:20.296344+01:00,eur,1.1696,1.16965,1.169625
2026-05-05T13:29:12.448015,2026-05-05T13:28:20.296344+01:00,eur,1.1696,1.16965,1.169625
2026-05-05T13:29:14.351528,2026-05-05T13:28:20.296344+01:00,eur,1.1696,1.16965,1.169625
2026-05-05T13:29:16.208516,2026-05-05T13:28:20.296344+01:00,eur,1.1696,1.16965,1.169625
2026-05-05T13:29:18.099135,2026-05-05T13:28:20.296344+01:00,eur,1.1696,1.16965,1.169625
2026-05-05T13:29:20.141299,2026-05-05T13:28:20.296344+01:00,eur,1.1696,1.16965,1.169625
2026-05-05T13:29:21.776145,2026-05-05T13:28:20.296344+01:00,eur,1.1696,1.16965,1.169625
2026-05-05T13:29:23.712399,2026-05-05T13:28:20.296344+01:00,eur,1.1696,1.16965,1.169625
2026-05-05T13:29:25.356418,2026-05-05T13:28:20.296344+01:00,eur,1.1696,1.16965,1.169625
2026-05-05T13:29:27.023258,2026-05-05T13:28:20.296344+01:00,eur,1.1696,1.16965,1.169625
2026-05-05T13:29:28.739582,2026-05-05T13:28:20.296344+01:00,eur,1.1696,1.16965,1.169625
2026-05-05T13:29:30.336488,2026-05-05T13:29:29.222223+01:00,eur,1.16945,1.1695,1.169475
2026-05-05T13:29:31.511885,2026-05-05T13:29:29.222223+01:00,eur,1.16945,1.1695,1.169475
2026-05-05T13:29:32.580341,2026-05-05T13:29:29.222223+01:00,eur,1.16945,1.1695,1.169475
2026-05-05T13:29:33.656690,2026-05-05T13:29:29.222223+01:00,eur,1.16945,1.1695,1.169475
2026-05-05T13:29:34.746421,2026-05-05T13:29:29.222223+01:00,eur,1.16945,1.1695,1.169475
2026-05-05T13:29:35.817727,2026-05-05T13:29:29.222223+01:00,eur,1.16945,1.1695,1.169475
2026-05-05T13:29:36.894947,2026-05-05T13:29:36.600610+01:00,eur,1.16945,1.1695,1.169475
2026-05-05T13:29:37.947836,2026-05-05T13:29:36.600610+01:00,eur,1.16945,1.1695,1.169475
2026-05-05T13:29:39.004114,2026-05-05T13:29:36.600610+01:00,eur,1.16945,1.1695,1.169475
2026-05-05T13:29:40.084704,2026-05-05T13:29:36.600610+01:00,eur,1.16945,1.1695,1.169475
2026-05-05T13:29:41.161255,2026-05-05T13:29:36.600610+01:00,eur,1.16945,1.1695,1.169475
2026-05-05T13:29:42.246596,2026-05-05T13:29:36.600610+01:00,eur,1.16945,1.1695,1.169475
2026-05-05T13:29:43.319701,2026-05-05T13:29:36.600610+01:00,eur,1.16945,1.1695,1.169475
2026-05-05T13:29:44.371056,2026-05-05T13:29:36.600610+01:00,eur,1.16945,1.1695,1.169475
2026-05-05T13:29:45.453256,2026-05-05T13:29:36.600610+01:00,eur,1.16945,1.1695,1.169475
2026-05-05T13:29:46.503079,2026-05-05T13:29:45.782686+01:00,eur,1.16945,1.1695,1.169475
2026-05-05T13:29:47.555469,2026-05-05T13:29:45.782686+01:00,eur,1.16945,1.1695,1.169475
2026-05-05T13:29:48.601609,2026-05-05T13:29:45.782686+01:00,eur,1.16945,1.1695,1.169475
2026-05-05T13:29:49.660822,2026-05-05T13:29:45.782686+01:00,eur,1.16945,1.1695,1.169475
2026-05-05T13:29:50.736934,2026-05-05T13:29:45.782686+01:00,eur,1.16945,1.1695,1.169475
2026-05-05T13:29:51.798558,2026-05-05T13:29:45.782686+01:00,eur,1.16945,1.1695,1.169475
2026-05-05T13:29:52.839625,2026-05-05T13:29:45.782686+01:00,eur,1.16945,1.1695,1.169475
2026-05-05T13:29:53.908941,2026-05-05T13:29:45.782686+01:00,eur,1.16945,1.1695,1.169475
2026-05-05T13:29:54.941266,2026-05-05T13:29:54.840186+01:00,eur,1.16945,1.1695,1.169475
2026-05-05T13:29:55.998887,2026-05-05T13:29:54.840186+01:00,eur,1.16945,1.1695,1.169475
2026-05-05T13:29:57.039869,2026-05-05T13:29:54.840186+01:00,eur,1.16945,1.1695,1.169475
2026-05-05T13:29:58.102225,2026-05-05T13:29:54.840186+01:00,eur,1.16945,1.1695,1.169475
2026-05-05T13:29:59.163177,2026-05-05T13:29:54.840186+01:00,eur,1.16945,1.1695,1.169475
2026-05-05T13:30:00.244267,2026-05-05T13:29:54.840186+01:00,eur,1.16945,1.1695,1.169475
2026-05-05T13:30:01.325274,2026-05-05T13:29:54.840186+01:00,eur,1.16945,1.1695,1.169475
2026-05-05T13:30:02.388200,2026-05-05T13:29:54.840186+01:00,eur,1.16945,1.1695,1.169475
2026-05-05T13:30:03.481507,2026-05-05T13:30:03.430255+01:00,eur,1.1694,1.16945,1.169425
2026-05-05T13:30:04.542107,2026-05-05T13:30:03.430255+01:00,eur,1.1694,1.16945,1.169425
2026-05-05T13:30:05.575788,2026-05-05T13:30:03.430255+01:00,eur,1.1694,1.16945,1.169425
2026-05-05T13:30:06.622871,2026-05-05T13:30:03.430255+01:00,eur,1.1694,1.16945,1.169425
2026-05-05T13:30:07.675808,2026-05-05T13:30:03.430255+01:00,eur,1.1694,1.16945,1.169425
2026-05-05T13:30:08.740189,2026-05-05T13:30:03.430255+01:00,eur,1.1694,1.16945,1.169425
2026-05-05T13:30:09.811564,2026-05-05T13:30:03.430255+01:00,eur,1.1694,1.16945,1.169425
2026-05-05T13:30:10.848255,2026-05-05T13:30:03.430255+01:00,eur,1.1694,1.16945,1.169425
2026-05-05T13:30:11.871072,2026-05-05T13:30:03.430255+01:00,eur,1.1694,1.16945,1.169425
2026-05-05T13:30:12.907149,2026-05-05T13:30:12.418487+01:00,eur,1.1694,1.16945,1.169425
2026-05-05T13:30:13.947762,2026-05-05T13:30:12.418487+01:00,eur,1.1694,1.16945,1.169425
2026-05-05T13:30:15.002360,2026-05-05T13:30:12.418487+01:00,eur,1.1694,1.16945,1.169425
2026-05-05T13:30:16.038120,2026-05-05T13:30:12.418487+01:00,eur,1.1694,1.16945,1.169425
2026-05-05T13:30:17.077481,2026-05-05T13:30:12.418487+01:00,eur,1.1694,1.16945,1.169425
2026-05-05T13:30:18.120922,2026-05-05T13:30:12.418487+01:00,eur,1.1694,1.16945,1.169425
2026-05-05T13:30:19.146008,2026-05-05T13:30:12.418487+01:00,eur,1.1694,1.16945,1.169425
2026-05-05T13:30:20.169129,2026-05-05T13:30:12.418487+01:00,eur,1.1694,1.16945,1.169425
2026-05-05T13:30:21.191117,2026-05-05T13:30:21.079012+01:00,eur,1.1694,1.16945,1.169425
2026-05-05T13:30:22.231208,2026-05-05T13:30:21.079012+01:00,eur,1.1694,1.16945,1.169425
2026-05-05T13:30:23.304160,2026-05-05T13:30:21.079012+01:00,eur,1.1694,1.16945,1.169425
2026-05-05T13:30:24.472923,2026-05-05T13:30:21.079012+01:00,eur,1.1694,1.16945,1.169425
2026-05-05T13:30:25.616398,2026-05-05T13:30:21.079012+01:00,eur,1.1694,1.16945,1.169425
2026-05-05T13:30:26.750343,2026-05-05T13:30:21.079012+01:00,eur,1.1694,1.16945,1.169425
2026-05-05T13:30:27.874042,2026-05-05T13:30:21.079012+01:00,eur,1.1694,1.16945,1.169425
2026-05-05T13:30:28.978951,2026-05-05T13:30:21.079012+01:00,eur,1.1694,1.16945,1.169425
2026-05-05T13:30:30.075936,2026-05-05T13:30:21.079012+01:00,eur,1.1694,1.16945,1.169425
2026-05-05T13:30:31.193140,2026-05-05T13:30:30.406577+01:00,eur,1.1694,1.16945,1.169425
2026-05-05T13:30:32.302424,2026-05-05T13:30:30.406577+01:00,eur,1.1694,1.16945,1.169425
2026-05-05T13:30:33.534649,2026-05-05T13:30:30.406577+01:00,eur,1.1694,1.16945,1.169425
2026-05-05T13:30:34.650128,2026-05-05T13:30:30.406577+01:00,eur,1.1694,1.16945,1.169425
2026-05-05T13:30:35.802401,2026-05-05T13:30:30.406577+01:00,eur,1.1694,1.16945,1.169425
2026-05-05T13:30:36.948284,2026-05-05T13:30:30.406577+01:00,eur,1.1694,1.16945,1.169425
2026-05-05T13:30:38.002009,2026-05-05T13:30:30.406577+01:00,eur,1.1694,1.16945,1.169425
2026-05-05T13:30:39.084368,2026-05-05T13:30:38.944811+01:00,eur,1.16945,1.1695,1.169475
2026-05-05T13:30:40.200870,2026-05-05T13:30:38.944811+01:00,eur,1.16945,1.1695,1.169475
2026-05-05T13:30:41.351069,2026-05-05T13:30:38.944811+01:00,eur,1.16945,1.1695,1.169475
2026-05-05T13:30:42.528696,2026-05-05T13:30:38.944811+01:00,eur,1.16945,1.1695,1.169475
2026-05-05T13:30:43.719387,2026-05-05T13:30:38.944811+01:00,eur,1.16945,1.1695,1.169475
2026-05-05T13:30:44.915021,2026-05-05T13:30:38.944811+01:00,eur,1.16945,1.1695,1.169475
2026-05-05T13:30:46.074578,2026-05-05T13:30:38.944811+01:00,eur,1.16945,1.1695,1.169475
2026-05-05T13:30:47.286847,2026-05-05T13:30:38.944811+01:00,eur,1.16945,1.1695,1.169475
2026-05-05T13:30:48.539140,2026-05-05T13:30:48.142573+01:00,eur,1.1694,1.16945,1.169425
2026-05-05T13:30:49.856282,2026-05-05T13:30:48.142573+01:00,eur,1.1694,1.16945,1.169425
2026-05-05T13:30:51.867498,2026-05-05T13:30:48.142573+01:00,eur,1.1694,1.16945,1.169425
2026-05-05T13:30:56.659638,2026-05-05T13:30:48.142573+01:00,eur,1.1694,1.16945,1.169425
2026-05-05T13:30:58.072326,2026-05-05T13:30:57.256960+01:00,eur,1.1694,1.16945,1.169425
2026-05-05T13:31:00.171794,2026-05-05T13:30:57.256960+01:00,eur,1.1694,1.16945,1.169425
2026-05-05T13:31:02.320682,2026-05-05T13:30:57.256960+01:00,eur,1.1694,1.16945,1.169425
2026-05-05T13:31:04.510023,2026-05-05T13:30:57.256960+01:00,eur,1.1694,1.16945,1.169425
2026-05-05T13:31:06.249871,2026-05-05T13:30:57.256960+01:00,eur,1.1694,1.16945,1.169425
2026-05-05T13:31:07.339063,2026-05-05T13:31:06.737280+01:00,eur,1.16935,1.16945,1.1694
2026-05-05T13:31:08.719770,2026-05-05T13:31:06.737280+01:00,eur,1.16935,1.16945,1.1694
2026-05-05T13:31:10.803610,2026-05-05T13:31:06.737280+01:00,eur,1.16935,1.16945,1.1694
2026-05-05T13:31:13.151596,2026-05-05T13:31:06.737280+01:00,eur,1.16935,1.16945,1.1694
2026-05-05T13:31:15.141575,2026-05-05T13:31:06.737280+01:00,eur,1.16935,1.16945,1.1694
2026-05-05T13:31:17.073499,2026-05-05T13:31:15.308464+01:00,eur,1.1694,1.16945,1.169425
2026-05-05T13:31:19.112805,2026-05-05T13:31:15.308464+01:00,eur,1.1694,1.16945,1.169425
2026-05-05T13:31:21.271772,2026-05-05T13:31:15.308464+01:00,eur,1.1694,1.16945,1.169425
2026-05-05T13:31:23.331987,2026-05-05T13:31:15.308464+01:00,eur,1.1694,1.16945,1.169425
2026-05-05T13:31:25.371542,2026-05-05T13:31:24.855394+01:00,eur,1.16935,1.1694,1.169375
2026-05-05T13:31:27.635863,2026-05-05T13:31:24.855394+01:00,eur,1.16935,1.1694,1.169375
2026-05-05T13:31:30.073497,2026-05-05T13:31:24.855394+01:00,eur,1.16935,1.1694,1.169375
2026-05-05T13:31:32.383336,2026-05-05T13:31:24.855394+01:00,eur,1.16935,1.1694,1.169375
2026-05-05T13:31:34.791090,2026-05-05T13:31:33.413059+01:00,eur,1.1694,1.16945,1.169425
2026-05-05T13:31:37.037386,2026-05-05T13:31:33.413059+01:00,eur,1.1694,1.16945,1.169425
2026-05-05T13:31:39.447526,2026-05-05T13:31:33.413059+01:00,eur,1.1694,1.16945,1.169425
2026-05-05T13:31:41.764374,2026-05-05T13:31:33.413059+01:00,eur,1.1694,1.16945,1.169425
2026-05-05T13:31:43.889033,2026-05-05T13:31:42.441570+01:00,eur,1.16945,1.1695,1.169475
2026-05-05T13:31:45.986741,2026-05-05T13:31:42.441570+01:00,eur,1.16945,1.1695,1.169475
2026-05-05T13:31:48.231731,2026-05-05T13:31:42.441570+01:00,eur,1.16945,1.1695,1.169475
2026-05-05T13:31:50.532123,2026-05-05T13:31:42.441570+01:00,eur,1.16945,1.1695,1.169475
2026-05-05T13:31:52.694628,2026-05-05T13:31:51.460938+01:00,eur,1.16945,1.1695,1.169475
2026-05-05T13:31:55.156276,2026-05-05T13:31:51.460938+01:00,eur,1.16945,1.1695,1.169475
2026-05-05T13:31:57.523114,2026-05-05T13:31:51.460938+01:00,eur,1.16945,1.1695,1.169475
2026-05-05T13:31:59.929180,2026-05-05T13:31:51.460938+01:00,eur,1.16945,1.1695,1.169475
2026-05-05T13:32:02.112376,2026-05-05T13:32:00.037002+01:00,eur,1.16935,1.1694,1.169375
2026-05-05T13:32:04.083848,2026-05-05T13:32:00.037002+01:00,eur,1.16935,1.1694,1.169375
2026-05-05T13:32:06.197715,2026-05-05T13:32:00.037002+01:00,eur,1.16935,1.1694,1.169375
2026-05-05T13:32:08.486073,2026-05-05T13:32:00.037002+01:00,eur,1.16935,1.1694,1.169375
2026-05-05T13:32:10.713726,2026-05-05T13:32:08.800360+01:00,eur,1.16935,1.1694,1.169375
2026-05-05T13:32:12.947505,2026-05-05T13:32:08.800360+01:00,eur,1.16935,1.1694,1.169375
2026-05-05T13:32:15.215386,2026-05-05T13:32:08.800360+01:00,eur,1.16935,1.1694,1.169375
2026-05-05T13:32:17.515094,2026-05-05T13:32:08.800360+01:00,eur,1.16935,1.1694,1.169375
2026-05-05T13:32:19.942316,2026-05-05T13:32:17.551077+01:00,eur,1.1693,1.16935,1.169325
2026-05-05T13:32:22.166090,2026-05-05T13:32:17.551077+01:00,eur,1.1693,1.16935,1.169325
2026-05-05T13:32:24.394789,2026-05-05T13:32:17.551077+01:00,eur,1.1693,1.16935,1.169325
2026-05-05T13:32:26.736661,2026-05-05T13:32:26.447988+01:00,eur,1.1693,1.16935,1.169325
2026-05-05T13:32:28.904696,2026-05-05T13:32:26.447988+01:00,eur,1.1693,1.16935,1.169325
2026-05-05T13:32:31.124012,2026-05-05T13:32:26.447988+01:00,eur,1.1693,1.16935,1.169325
2026-05-05T13:32:32.929764,2026-05-05T13:32:26.447988+01:00,eur,1.1693,1.16935,1.169325
2026-05-05T13:32:35.077465,2026-05-05T13:32:26.447988+01:00,eur,1.1693,1.16935,1.169325
2026-05-05T13:32:37.542067,2026-05-05T13:32:36.145886+01:00,eur,1.16925,1.1693,1.1692749999999998
2026-05-05T13:32:39.703854,2026-05-05T13:32:36.145886+01:00,eur,1.16925,1.1693,1.1692749999999998
2026-05-05T13:32:41.750593,2026-05-05T13:32:36.145886+01:00,eur,1.16925,1.1693,1.1692749999999998
2026-05-05T13:32:43.736729,2026-05-05T13:32:36.145886+01:00,eur,1.16925,1.1693,1.1692749999999998
2026-05-05T13:32:45.910644,2026-05-05T13:32:44.779165+01:00,eur,1.1693,1.16935,1.169325
2026-05-05T13:32:48.275162,2026-05-05T13:32:44.779165+01:00,eur,1.1693,1.16935,1.169325
2026-05-05T13:32:50.338725,2026-05-05T13:32:44.779165+01:00,eur,1.1693,1.16935,1.169325
2026-05-05T13:32:52.300492,2026-05-05T13:32:44.779165+01:00,eur,1.1693,1.16935,1.169325
2026-05-05T13:32:54.309518,2026-05-05T13:32:53.574682+01:00,eur,1.1693,1.16935,1.169325
2026-05-05T13:32:56.610651,2026-05-05T13:32:53.574682+01:00,eur,1.1693,1.16935,1.169325
2026-05-05T13:32:58.496661,2026-05-05T13:32:53.574682+01:00,eur,1.1693,1.16935,1.169325
2026-05-05T13:33:00.419277,2026-05-05T13:32:53.574682+01:00,eur,1.1693,1.16935,1.169325
2026-05-05T13:33:02.506464,2026-05-05T13:33:02.301086+01:00,eur,1.1693,1.16935,1.169325
2026-05-05T13:33:04.755941,2026-05-05T13:33:02.301086+01:00,eur,1.1693,1.16935,1.169325
2026-05-05T13:33:06.694764,2026-05-05T13:33:02.301086+01:00,eur,1.1693,1.16935,1.169325
2026-05-05T13:33:09.091515,2026-05-05T13:33:02.301086+01:00,eur,1.1693,1.16935,1.169325
2026-05-05T13:33:11.756042,2026-05-05T13:33:02.301086+01:00,eur,1.1693,1.16935,1.169325
2026-05-05T13:33:13.961331,2026-05-05T13:33:11.718917+01:00,eur,1.16935,1.1694,1.169375
2026-05-05T13:33:16.254205,2026-05-05T13:33:11.718917+01:00,eur,1.16935,1.1694,1.169375
2026-05-05T13:33:18.283449,2026-05-05T13:33:11.718917+01:00,eur,1.16935,1.1694,1.169375
2026-05-05T13:33:20.629550,2026-05-05T13:33:19.682072+01:00,eur,1.16935,1.1694,1.169375
2026-05-05T13:33:22.589928,2026-05-05T13:33:19.682072+01:00,eur,1.16935,1.1694,1.169375
2026-05-05T13:33:24.555774,2026-05-05T13:33:19.682072+01:00,eur,1.16935,1.1694,1.169375
2026-05-05T13:33:26.454161,2026-05-05T13:33:19.682072+01:00,eur,1.16935,1.1694,1.169375
2026-05-05T13:33:27.555333,2026-05-05T13:33:19.682072+01:00,eur,1.16935,1.1694,1.169375
2026-05-05T13:33:28.641645,2026-05-05T13:33:28.504618+01:00,eur,1.1693,1.16935,1.169325
2026-05-05T13:33:29.774657,2026-05-05T13:33:28.504618+01:00,eur,1.1693,1.16935,1.169325
2026-05-05T13:33:30.920732,2026-05-05T13:33:28.504618+01:00,eur,1.1693,1.16935,1.169325
2026-05-05T13:33:32.061523,2026-05-05T13:33:28.504618+01:00,eur,1.1693,1.16935,1.169325
2026-05-05T13:33:33.208342,2026-05-05T13:33:28.504618+01:00,eur,1.1693,1.16935,1.169325
2026-05-05T13:33:34.341176,2026-05-05T13:33:28.504618+01:00,eur,1.1693,1.16935,1.169325
2026-05-05T13:33:35.497674,2026-05-05T13:33:28.504618+01:00,eur,1.1693,1.16935,1.169325
2026-05-05T13:33:36.616611,2026-05-05T13:33:28.504618+01:00,eur,1.1693,1.16935,1.169325
2026-05-05T13:33:37.743892,2026-05-05T13:33:37.214422+01:00,eur,1.16925,1.1693,1.1692749999999998
2026-05-05T13:33:38.851619,2026-05-05T13:33:37.214422+01:00,eur,1.16925,1.1693,1.1692749999999998
2026-05-05T13:33:40.023816,2026-05-05T13:33:37.214422+01:00,eur,1.16925,1.1693,1.1692749999999998
2026-05-05T13:33:41.122533,2026-05-05T13:33:37.214422+01:00,eur,1.16925,1.1693,1.1692749999999998
2026-05-05T13:33:42.237502,2026-05-05T13:33:37.214422+01:00,eur,1.16925,1.1693,1.1692749999999998
2026-05-05T13:33:43.342324,2026-05-05T13:33:37.214422+01:00,eur,1.16925,1.1693,1.1692749999999998
2026-05-05T13:33:44.450616,2026-05-05T13:33:37.214422+01:00,eur,1.16925,1.1693,1.1692749999999998
2026-05-05T13:33:45.516040,2026-05-05T13:33:37.214422+01:00,eur,1.16925,1.1693,1.1692749999999998
2026-05-05T13:33:46.605495,2026-05-05T13:33:46.357493+01:00,eur,1.1692,1.16925,1.169225
2026-05-05T13:33:47.707796,2026-05-05T13:33:46.357493+01:00,eur,1.1692,1.16925,1.169225
2026-05-05T13:33:48.806990,2026-05-05T13:33:46.357493+01:00,eur,1.1692,1.16925,1.169225
2026-05-05T13:33:49.981169,2026-05-05T13:33:46.357493+01:00,eur,1.1692,1.16925,1.169225
2026-05-05T13:33:51.075588,2026-05-05T13:33:46.357493+01:00,eur,1.1692,1.16925,1.169225
2026-05-05T13:33:52.217267,2026-05-05T13:33:46.357493+01:00,eur,1.1692,1.16925,1.169225
2026-05-05T13:33:53.381236,2026-05-05T13:33:46.357493+01:00,eur,1.1692,1.16925,1.169225
2026-05-05T13:33:54.559956,2026-05-05T13:33:46.357493+01:00,eur,1.1692,1.16925,1.169225
2026-05-05T13:33:55.730575,2026-05-05T13:33:55.053217+01:00,eur,1.1693,1.16935,1.169325
2026-05-05T13:33:56.852769,2026-05-05T13:33:55.053217+01:00,eur,1.1693,1.16935,1.169325
2026-05-05T13:33:57.980874,2026-05-05T13:33:55.053217+01:00,eur,1.1693,1.16935,1.169325
2026-05-05T13:33:59.099671,2026-05-05T13:33:55.053217+01:00,eur,1.1693,1.16935,1.169325
2026-05-05T13:34:00.229114,2026-05-05T13:33:55.053217+01:00,eur,1.1693,1.16935,1.169325
2026-05-05T13:34:01.381145,2026-05-05T13:33:55.053217+01:00,eur,1.1693,1.16935,1.169325
2026-05-05T13:34:02.549756,2026-05-05T13:33:55.053217+01:00,eur,1.1693,1.16935,1.169325
2026-05-05T13:34:03.732993,2026-05-05T13:33:55.053217+01:00,eur,1.1693,1.16935,1.169325
2026-05-05T13:34:04.967443,2026-05-05T13:33:55.053217+01:00,eur,1.1693,1.16935,1.169325
2026-05-05T13:34:06.179162,2026-05-05T13:33:55.053217+01:00,eur,1.1693,1.16935,1.169325
2026-05-05T13:34:07.257630,2026-05-05T13:33:55.053217+01:00,eur,1.1693,1.16935,1.169325
2026-05-05T13:34:08.391766,2026-05-05T13:33:55.053217+01:00,eur,1.1693,1.16935,1.169325
2026-05-05T13:34:09.576996,2026-05-05T13:33:55.053217+01:00,eur,1.1693,1.16935,1.169325
2026-05-05T13:34:10.781732,2026-05-05T13:33:55.053217+01:00,eur,1.1693,1.16935,1.169325
2026-05-05T13:34:11.967744,2026-05-05T13:33:55.053217+01:00,eur,1.1693,1.16935,1.169325
2026-05-05T13:34:13.285653,2026-05-05T13:33:55.053217+01:00,eur,1.1693,1.16935,1.169325
2026-05-05T13:34:14.397487,2026-05-05T13:33:55.053217+01:00,eur,1.1693,1.16935,1.169325
2026-05-05T13:34:15.535625,2026-05-05T13:33:55.053217+01:00,eur,1.1693,1.16935,1.169325
2026-05-05T13:34:16.736477,2026-05-05T13:33:55.053217+01:00,eur,1.1693,1.16935,1.169325
2026-05-05T13:34:17.900428,2026-05-05T13:33:55.053217+01:00,eur,1.1693,1.16935,1.169325
2026-05-05T13:34:19.024267,2026-05-05T13:33:55.053217+01:00,eur,1.1693,1.16935,1.169325
2026-05-05T13:34:20.106075,2026-05-05T13:33:55.053217+01:00,eur,1.1693,1.16935,1.169325
2026-05-05T13:34:21.247716,2026-05-05T13:33:55.053217+01:00,eur,1.1693,1.16935,1.169325
2026-05-05T13:34:22.395820,2026-05-05T13:33:55.053217+01:00,eur,1.1693,1.16935,1.169325
2026-05-05T13:34:23.469907,2026-05-05T13:33:55.053217+01:00,eur,1.1693,1.16935,1.169325
2026-05-05T13:34:24.572767,2026-05-05T13:33:55.053217+01:00,eur,1.1693,1.16935,1.169325
2026-05-05T13:34:25.648246,2026-05-05T13:33:55.053217+01:00,eur,1.1693,1.16935,1.169325
2026-05-05T13:34:26.753560,2026-05-05T13:33:55.053217+01:00,eur,1.1693,1.16935,1.169325
2026-05-05T13:34:27.893834,2026-05-05T13:33:55.053217+01:00,eur,1.1693,1.16935,1.169325
2026-05-05T13:34:28.988537,2026-05-05T13:34:28.677471+01:00,eur,1.16925,1.16935,1.1692999999999998
2026-05-05T13:34:30.094767,2026-05-05T13:34:28.677471+01:00,eur,1.16925,1.16935,1.1692999999999998
2026-05-05T13:34:31.317715,2026-05-05T13:34:28.677471+01:00,eur,1.16925,1.16935,1.1692999999999998
2026-05-05T13:34:32.503317,2026-05-05T13:34:28.677471+01:00,eur,1.16925,1.16935,1.1692999999999998
2026-05-05T13:34:33.645974,2026-05-05T13:34:28.677471+01:00,eur,1.16925,1.16935,1.1692999999999998
2026-05-05T13:34:34.753623,2026-05-05T13:34:28.677471+01:00,eur,1.16925,1.16935,1.1692999999999998
2026-05-05T13:34:35.809988,2026-05-05T13:34:28.677471+01:00,eur,1.16925,1.16935,1.1692999999999998
2026-05-05T13:34:36.939765,2026-05-05T13:34:28.677471+01:00,eur,1.16925,1.16935,1.1692999999999998
2026-05-05T13:34:38.047290,2026-05-05T13:34:36.962751+01:00,eur,1.16925,1.1693,1.1692749999999998
2026-05-05T13:34:39.195055,2026-05-05T13:34:36.962751+01:00,eur,1.16925,1.1693,1.1692749999999998
2026-05-05T13:34:40.297767,2026-05-05T13:34:36.962751+01:00,eur,1.16925,1.1693,1.1692749999999998
2026-05-05T13:34:41.395653,2026-05-05T13:34:36.962751+01:00,eur,1.16925,1.1693,1.1692749999999998
2026-05-05T13:34:42.478969,2026-05-05T13:34:36.962751+01:00,eur,1.16925,1.1693,1.1692749999999998
2026-05-05T13:34:43.649272,2026-05-05T13:34:36.962751+01:00,eur,1.16925,1.1693,1.1692749999999998
2026-05-05T13:34:44.772762,2026-05-05T13:34:36.962751+01:00,eur,1.16925,1.1693,1.1692749999999998
2026-05-05T13:34:45.936984,2026-05-05T13:34:45.713911+01:00,eur,1.16925,1.1693,1.1692749999999998
2026-05-05T13:34:47.082072,2026-05-05T13:34:45.713911+01:00,eur,1.16925,1.1693,1.1692749999999998
2026-05-05T13:34:48.227258,2026-05-05T13:34:45.713911+01:00,eur,1.16925,1.1693,1.1692749999999998
2026-05-05T13:34:49.354971,2026-05-05T13:34:45.713911+01:00,eur,1.16925,1.1693,1.1692749999999998
2026-05-05T13:34:50.522728,2026-05-05T13:34:45.713911+01:00,eur,1.16925,1.1693,1.1692749999999998
2026-05-05T13:34:51.656640,2026-05-05T13:34:45.713911+01:00,eur,1.16925,1.1693,1.1692749999999998
2026-05-05T13:34:52.987512,2026-05-05T13:34:45.713911+01:00,eur,1.16925,1.1693,1.1692749999999998
2026-05-05T13:34:54.294195,2026-05-05T13:34:45.713911+01:00,eur,1.16925,1.1693,1.1692749999999998
2026-05-05T13:34:55.504269,2026-05-05T13:34:54.907047+01:00,eur,1.1692,1.16925,1.169225
2026-05-05T13:34:56.716435,2026-05-05T13:34:54.907047+01:00,eur,1.1692,1.16925,1.169225
2026-05-05T13:34:57.978572,2026-05-05T13:34:54.907047+01:00,eur,1.1692,1.16925,1.169225
2026-05-05T13:34:59.121687,2026-05-05T13:34:54.907047+01:00,eur,1.1692,1.16925,1.169225
2026-05-05T13:35:00.289895,2026-05-05T13:34:54.907047+01:00,eur,1.1692,1.16925,1.169225
2026-05-05T13:35:01.792545,2026-05-05T13:34:54.907047+01:00,eur,1.1692,1.16925,1.169225
2026-05-05T13:35:03.573371,2026-05-05T13:34:54.907047+01:00,eur,1.1692,1.16925,1.169225
2026-05-05T13:35:05.382953,2026-05-05T13:35:04.610620+01:00,eur,1.1692,1.16925,1.169225
2026-05-05T13:35:06.679191,2026-05-05T13:35:04.610620+01:00,eur,1.1692,1.16925,1.169225
2026-05-05T13:35:07.936230,2026-05-05T13:35:04.610620+01:00,eur,1.1692,1.16925,1.169225
2026-05-05T13:35:09.263090,2026-05-05T13:35:04.610620+01:00,eur,1.1692,1.16925,1.169225
2026-05-05T13:35:11.247383,2026-05-05T13:35:04.610620+01:00,eur,1.1692,1.16925,1.169225
2026-05-05T13:35:13.731553,2026-05-05T13:35:13.559609+01:00,eur,1.16915,1.1692,1.169175
2026-05-05T13:35:15.823466,2026-05-05T13:35:13.559609+01:00,eur,1.16915,1.1692,1.169175
2026-05-05T13:35:17.390385,2026-05-05T13:35:13.559609+01:00,eur,1.16915,1.1692,1.169175
2026-05-05T13:35:18.618527,2026-05-05T13:35:13.559609+01:00,eur,1.16915,1.1692,1.169175
2026-05-05T13:35:20.050905,2026-05-05T13:35:13.559609+01:00,eur,1.16915,1.1692,1.169175
2026-05-05T13:35:22.306929,2026-05-05T13:35:22.137374+01:00,eur,1.16915,1.1692,1.169175
2026-05-05T13:35:24.550175,2026-05-05T13:35:22.137374+01:00,eur,1.16915,1.1692,1.169175
2026-05-05T13:35:26.848053,2026-05-05T13:35:22.137374+01:00,eur,1.16915,1.1692,1.169175
2026-05-05T13:35:29.406712,2026-05-05T13:35:22.137374+01:00,eur,1.16915,1.1692,1.169175
2026-05-05T13:35:31.668244,2026-05-05T13:35:31.032785+01:00,eur,1.16915,1.1692,1.169175
2026-05-05T13:35:33.610668,2026-05-05T13:35:31.032785+01:00,eur,1.16915,1.1692,1.169175
2026-05-05T13:35:35.698976,2026-05-05T13:35:31.032785+01:00,eur,1.16915,1.1692,1.169175
2026-05-05T13:35:38.105434,2026-05-05T13:35:31.032785+01:00,eur,1.16915,1.1692,1.169175
2026-05-05T13:35:40.223314,2026-05-05T13:35:31.032785+01:00,eur,1.16915,1.1692,1.169175
2026-05-05T13:35:42.263820,2026-05-05T13:35:40.449463+01:00,eur,1.1691,1.16915,1.169125
2026-05-05T13:35:44.580824,2026-05-05T13:35:40.449463+01:00,eur,1.1691,1.16915,1.169125
2026-05-05T13:35:47.054551,2026-05-05T13:35:40.449463+01:00,eur,1.1691,1.16915,1.169125
2026-05-05T13:35:49.378515,2026-05-05T13:35:49.151659+01:00,eur,1.1691,1.16915,1.169125
2026-05-05T13:35:51.807662,2026-05-05T13:35:49.151659+01:00,eur,1.1691,1.16915,1.169125
2026-05-05T13:35:54.428682,2026-05-05T13:35:49.151659+01:00,eur,1.1691,1.16915,1.169125
2026-05-05T13:35:57.173396,2026-05-05T13:35:49.151659+01:00,eur,1.1691,1.16915,1.169125
2026-05-05T13:35:59.674810,2026-05-05T13:35:58.571247+01:00,eur,1.1691,1.16915,1.169125
2026-05-05T13:36:01.832153,2026-05-05T13:35:58.571247+01:00,eur,1.1691,1.16915,1.169125
2026-05-05T13:36:04.102581,2026-05-05T13:35:58.571247+01:00,eur,1.1691,1.16915,1.169125
2026-05-05T13:36:06.484683,2026-05-05T13:35:58.571247+01:00,eur,1.1691,1.16915,1.169125
2026-05-05T13:36:09.159792,2026-05-05T13:36:07.153997+01:00,eur,1.1691,1.16915,1.169125
2026-05-05T13:36:11.411346,2026-05-05T13:36:07.153997+01:00,eur,1.1691,1.16915,1.169125
2026-05-05T13:36:13.342492,2026-05-05T13:36:07.153997+01:00,eur,1.1691,1.16915,1.169125
2026-05-05T13:36:15.756520,2026-05-05T13:36:07.153997+01:00,eur,1.1691,1.16915,1.169125
2026-05-05T13:36:18.181436,2026-05-05T13:36:16.262744+01:00,eur,1.1691,1.16915,1.169125
2026-05-05T13:36:21.963806,2026-05-05T13:36:16.262744+01:00,eur,1.1691,1.16915,1.169125
2026-05-05T13:36:26.260250,2026-05-05T13:36:25.024602+01:00,eur,1.1691,1.16915,1.169125
2026-05-05T13:36:28.539385,2026-05-05T13:36:25.024602+01:00,eur,1.1691,1.16915,1.169125
2026-05-05T13:36:30.961928,2026-05-05T13:36:25.024602+01:00,eur,1.1691,1.16915,1.169125
2026-05-05T13:36:33.370456,2026-05-05T13:36:25.024602+01:00,eur,1.1691,1.16915,1.169125
2026-05-05T13:36:35.595612,2026-05-05T13:36:34.043830+01:00,eur,1.1691,1.16915,1.169125
2026-05-05T13:36:37.899655,2026-05-05T13:36:34.043830+01:00,eur,1.1691,1.16915,1.169125
2026-05-05T13:36:40.015661,2026-05-05T13:36:34.043830+01:00,eur,1.1691,1.16915,1.169125
2026-05-05T13:36:42.286485,2026-05-05T13:36:34.043830+01:00,eur,1.1691,1.16915,1.169125
2026-05-05T13:36:44.686328,2026-05-05T13:36:42.361662+01:00,eur,1.1691,1.16915,1.169125
2026-05-05T13:36:46.668770,2026-05-05T13:36:42.361662+01:00,eur,1.1691,1.16915,1.169125
2026-05-05T13:36:48.765565,2026-05-05T13:36:42.361662+01:00,eur,1.1691,1.16915,1.169125
2026-05-05T13:36:51.153229,2026-05-05T13:36:50.998624+01:00,eur,1.1691,1.16915,1.169125
2026-05-05T13:36:53.184016,2026-05-05T13:36:50.998624+01:00,eur,1.1691,1.16915,1.169125
2026-05-05T13:36:55.173816,2026-05-05T13:36:50.998624+01:00,eur,1.1691,1.16915,1.169125
2026-05-05T13:36:57.313822,2026-05-05T13:36:50.998624+01:00,eur,1.1691,1.16915,1.169125
2026-05-05T13:36:59.749082,2026-05-05T13:36:50.998624+01:00,eur,1.1691,1.16915,1.169125
2026-05-05T13:37:01.920384,2026-05-05T13:37:00.982547+01:00,eur,1.1691,1.16915,1.169125
2026-05-05T13:37:04.341631,2026-05-05T13:37:00.982547+01:00,eur,1.1691,1.16915,1.169125
2026-05-05T13:37:06.684661,2026-05-05T13:37:00.982547+01:00,eur,1.1691,1.16915,1.169125
2026-05-05T13:37:09.029274,2026-05-05T13:37:00.982547+01:00,eur,1.1691,1.16915,1.169125
2026-05-05T13:37:11.425784,2026-05-05T13:37:09.203530+01:00,eur,1.16905,1.1691,1.1690749999999999
2026-05-05T13:37:13.529709,2026-05-05T13:37:09.203530+01:00,eur,1.16905,1.1691,1.1690749999999999
2026-05-05T13:37:15.933371,2026-05-05T13:37:09.203530+01:00,eur,1.16905,1.1691,1.1690749999999999
2026-05-05T13:37:18.171286,2026-05-05T13:37:09.203530+01:00,eur,1.16905,1.1691,1.1690749999999999
2026-05-05T13:37:20.368536,2026-05-05T13:37:18.391346+01:00,eur,1.16905,1.1691,1.1690749999999999
2026-05-05T13:37:22.544611,2026-05-05T13:37:18.391346+01:00,eur,1.16905,1.1691,1.1690749999999999
2026-05-05T13:37:24.769729,2026-05-05T13:37:18.391346+01:00,eur,1.16905,1.1691,1.1690749999999999
2026-05-05T13:37:27.000439,2026-05-05T13:37:18.391346+01:00,eur,1.16905,1.1691,1.1690749999999999
2026-05-05T13:37:29.594983,2026-05-05T13:37:27.258937+01:00,eur,1.1691,1.16915,1.169125
2026-05-05T13:37:31.975317,2026-05-05T13:37:27.258937+01:00,eur,1.1691,1.16915,1.169125
2026-05-05T13:37:34.276992,2026-05-05T13:37:27.258937+01:00,eur,1.1691,1.16915,1.169125
2026-05-05T13:37:36.494191,2026-05-05T13:37:35.806286+01:00,eur,1.16915,1.1692,1.169175
2026-05-05T13:37:38.764149,2026-05-05T13:37:35.806286+01:00,eur,1.16915,1.1692,1.169175
2026-05-05T13:37:41.086179,2026-05-05T13:37:35.806286+01:00,eur,1.16915,1.1692,1.169175
2026-05-05T13:37:43.242883,2026-05-05T13:37:35.806286+01:00,eur,1.16915,1.1692,1.169175
2026-05-05T13:37:44.800448,2026-05-05T13:37:44.032159+01:00,eur,1.16915,1.1692,1.169175
2026-05-05T13:37:45.962893,2026-05-05T13:37:44.032159+01:00,eur,1.16915,1.1692,1.169175
2026-05-05T13:37:47.105743,2026-05-05T13:37:44.032159+01:00,eur,1.16915,1.1692,1.169175
2026-05-05T13:37:48.215594,2026-05-05T13:37:44.032159+01:00,eur,1.16915,1.1692,1.169175
2026-05-05T13:37:49.380225,2026-05-05T13:37:44.032159+01:00,eur,1.16915,1.1692,1.169175
2026-05-05T13:37:50.502147,2026-05-05T13:37:44.032159+01:00,eur,1.16915,1.1692,1.169175
2026-05-05T13:37:51.565686,2026-05-05T13:37:44.032159+01:00,eur,1.16915,1.1692,1.169175
2026-05-05T13:37:52.662948,2026-05-05T13:37:44.032159+01:00,eur,1.16915,1.1692,1.169175
2026-05-05T13:37:53.764995,2026-05-05T13:37:53.314558+01:00,eur,1.1691,1.16915,1.169125
2026-05-05T13:37:54.879599,2026-05-05T13:37:53.314558+01:00,eur,1.1691,1.16915,1.169125
2026-05-05T13:37:55.995674,2026-05-05T13:37:53.314558+01:00,eur,1.1691,1.16915,1.169125
2026-05-05T13:37:57.101873,2026-05-05T13:37:53.314558+01:00,eur,1.1691,1.16915,1.169125
2026-05-05T13:37:58.224649,2026-05-05T13:37:53.314558+01:00,eur,1.1691,1.16915,1.169125
2026-05-05T13:37:59.479824,2026-05-05T13:37:53.314558+01:00,eur,1.1691,1.16915,1.169125
2026-05-05T13:38:00.593217,2026-05-05T13:37:53.314558+01:00,eur,1.1691,1.16915,1.169125
2026-05-05T13:38:01.698068,2026-05-05T13:37:53.314558+01:00,eur,1.1691,1.16915,1.169125
2026-05-05T13:38:02.821191,2026-05-05T13:38:02.439287+01:00,eur,1.16915,1.1692,1.169175
2026-05-05T13:38:03.941259,2026-05-05T13:38:02.439287+01:00,eur,1.16915,1.1692,1.169175
2026-05-05T13:38:05.055459,2026-05-05T13:38:02.439287+01:00,eur,1.16915,1.1692,1.169175
2026-05-05T13:38:06.158525,2026-05-05T13:38:02.439287+01:00,eur,1.16915,1.1692,1.169175
2026-05-05T13:38:07.262740,2026-05-05T13:38:02.439287+01:00,eur,1.16915,1.1692,1.169175
2026-05-05T13:38:08.371604,2026-05-05T13:38:02.439287+01:00,eur,1.16915,1.1692,1.169175
2026-05-05T13:38:09.489007,2026-05-05T13:38:02.439287+01:00,eur,1.16915,1.1692,1.169175
2026-05-05T13:38:10.604209,2026-05-05T13:38:02.439287+01:00,eur,1.16915,1.1692,1.169175
2026-05-05T13:38:11.709037,2026-05-05T13:38:10.951970+01:00,eur,1.1691,1.16915,1.169125
2026-05-05T13:38:12.828880,2026-05-05T13:38:10.951970+01:00,eur,1.1691,1.16915,1.169125
2026-05-05T13:38:13.969650,2026-05-05T13:38:10.951970+01:00,eur,1.1691,1.16915,1.169125
2026-05-05T13:38:15.075944,2026-05-05T13:38:10.951970+01:00,eur,1.1691,1.16915,1.169125
2026-05-05T13:38:16.138380,2026-05-05T13:38:10.951970+01:00,eur,1.1691,1.16915,1.169125
2026-05-05T13:38:17.208535,2026-05-05T13:38:10.951970+01:00,eur,1.1691,1.16915,1.169125
2026-05-05T13:38:18.309134,2026-05-05T13:38:10.951970+01:00,eur,1.1691,1.16915,1.169125
2026-05-05T13:38:19.367525,2026-05-05T13:38:10.951970+01:00,eur,1.1691,1.16915,1.169125
2026-05-05T13:38:20.472864,2026-05-05T13:38:20.004356+01:00,eur,1.1691,1.16915,1.169125
2026-05-05T13:38:21.515884,2026-05-05T13:38:20.004356+01:00,eur,1.1691,1.16915,1.169125
2026-05-05T13:38:22.602827,2026-05-05T13:38:20.004356+01:00,eur,1.1691,1.16915,1.169125
2026-05-05T13:38:23.687755,2026-05-05T13:38:20.004356+01:00,eur,1.1691,1.16915,1.169125
2026-05-05T13:38:24.762251,2026-05-05T13:38:20.004356+01:00,eur,1.1691,1.16915,1.169125
2026-05-05T13:38:25.834626,2026-05-05T13:38:20.004356+01:00,eur,1.1691,1.16915,1.169125
2026-05-05T13:38:26.915688,2026-05-05T13:38:20.004356+01:00,eur,1.1691,1.16915,1.169125
2026-05-05T13:38:27.973611,2026-05-05T13:38:20.004356+01:00,eur,1.1691,1.16915,1.169125
2026-05-05T13:38:29.033871,2026-05-05T13:38:28.967070+01:00,eur,1.1691,1.16915,1.169125
2026-05-05T13:38:30.107984,2026-05-05T13:38:28.967070+01:00,eur,1.1691,1.16915,1.169125
2026-05-05T13:38:31.206059,2026-05-05T13:38:28.967070+01:00,eur,1.1691,1.16915,1.169125
2026-05-05T13:38:32.291754,2026-05-05T13:38:28.967070+01:00,eur,1.1691,1.16915,1.169125
2026-05-05T13:38:33.384715,2026-05-05T13:38:28.967070+01:00,eur,1.1691,1.16915,1.169125
2026-05-05T13:38:34.455931,2026-05-05T13:38:28.967070+01:00,eur,1.1691,1.16915,1.169125
2026-05-05T13:38:35.499976,2026-05-05T13:38:28.967070+01:00,eur,1.1691,1.16915,1.169125
2026-05-05T13:38:36.579239,2026-05-05T13:38:28.967070+01:00,eur,1.1691,1.16915,1.169125
2026-05-05T13:38:37.638553,2026-05-05T13:38:37.612323+01:00,eur,1.16915,1.1692,1.169175
2026-05-05T13:38:38.673969,2026-05-05T13:38:37.612323+01:00,eur,1.16915,1.1692,1.169175
2026-05-05T13:38:39.707446,2026-05-05T13:38:37.612323+01:00,eur,1.16915,1.1692,1.169175
2026-05-05T13:38:40.742050,2026-05-05T13:38:37.612323+01:00,eur,1.16915,1.1692,1.169175
2026-05-05T13:48:57.846886,2026-05-05T13:48:52.266268+01:00,eur,1.16915,1.1692,1.169175
2026-05-05T13:48:59.029939,2026-05-05T13:48:52.266268+01:00,eur,1.16915,1.1692,1.169175
2026-05-05T13:49:00.112852,2026-05-05T13:48:52.266268+01:00,eur,1.16915,1.1692,1.169175
2026-05-05T13:49:01.156308,2026-05-05T13:48:52.266268+01:00,eur,1.16915,1.1692,1.169175
2026-05-05T13:49:02.353891,2026-05-05T13:49:01.539511+01:00,eur,1.1691,1.16915,1.169125
2026-05-05T13:49:03.387910,2026-05-05T13:49:01.539511+01:00,eur,1.1691,1.16915,1.169125
2026-05-05T13:49:04.571263,2026-05-05T13:49:01.539511+01:00,eur,1.1691,1.16915,1.169125
2026-05-05T13:49:05.676516,2026-05-05T13:49:01.539511+01:00,eur,1.1691,1.16915,1.169125
2026-05-05T13:49:06.761720,2026-05-05T13:49:01.539511+01:00,eur,1.1691,1.16915,1.169125
2026-05-05T13:49:07.904761,2026-05-05T13:49:01.539511+01:00,eur,1.1691,1.16915,1.169125
2026-05-05T13:49:09.031906,2026-05-05T13:49:01.539511+01:00,eur,1.1691,1.16915,1.169125
2026-05-05T13:49:10.141262,2026-05-05T13:49:01.539511+01:00,eur,1.1691,1.16915,1.169125
2026-05-05T13:49:11.225433,2026-05-05T13:49:10.773011+01:00,eur,1.1691,1.16915,1.169125
2026-05-05T13:49:12.282600,2026-05-05T13:49:10.773011+01:00,eur,1.1691,1.16915,1.169125
2026-05-05T13:49:13.435102,2026-05-05T13:49:10.773011+01:00,eur,1.1691,1.16915,1.169125
2026-05-05T13:49:14.473178,2026-05-05T13:49:10.773011+01:00,eur,1.1691,1.16915,1.169125
2026-05-05T13:49:15.608966,2026-05-05T13:49:10.773011+01:00,eur,1.1691,1.16915,1.169125
2026-05-05T13:49:16.747691,2026-05-05T13:49:10.773011+01:00,eur,1.1691,1.16915,1.169125
2026-05-05T13:49:17.955630,2026-05-05T13:49:10.773011+01:00,eur,1.1691,1.16915,1.169125
2026-05-05T13:49:19.124443,2026-05-05T13:49:10.773011+01:00,eur,1.1691,1.16915,1.169125
2026-05-05T13:49:20.254813,2026-05-05T13:49:19.678645+01:00,eur,1.1691,1.16915,1.169125
2026-05-05T13:49:21.350147,2026-05-05T13:49:19.678645+01:00,eur,1.1691,1.16915,1.169125
2026-05-05T13:49:22.640072,2026-05-05T13:49:19.678645+01:00,eur,1.1691,1.16915,1.169125
2026-05-05T13:49:23.808451,2026-05-05T13:49:19.678645+01:00,eur,1.1691,1.16915,1.169125
2026-05-05T13:49:24.856939,2026-05-05T13:49:19.678645+01:00,eur,1.1691,1.16915,1.169125
2026-05-05T13:49:26.058180,2026-05-05T13:49:19.678645+01:00,eur,1.1691,1.16915,1.169125
2026-05-05T13:49:27.307311,2026-05-05T13:49:19.678645+01:00,eur,1.1691,1.16915,1.169125
2026-05-05T13:49:28.452002,2026-05-05T13:49:19.678645+01:00,eur,1.1691,1.16915,1.169125
2026-05-05T13:49:29.627337,2026-05-05T13:49:28.756778+01:00,eur,1.16905,1.1691,1.1690749999999999
2026-05-05T13:49:30.657825,2026-05-05T13:49:28.756778+01:00,eur,1.16905,1.1691,1.1690749999999999
2026-05-05T13:49:31.905128,2026-05-05T13:49:28.756778+01:00,eur,1.16905,1.1691,1.1690749999999999
2026-05-05T13:49:33.192272,2026-05-05T13:49:28.756778+01:00,eur,1.16905,1.1691,1.1690749999999999
2026-05-05T13:49:34.394005,2026-05-05T13:49:28.756778+01:00,eur,1.16905,1.1691,1.1690749999999999
2026-05-05T13:49:35.500574,2026-05-05T13:49:28.756778+01:00,eur,1.16905,1.1691,1.1690749999999999
2026-05-05T13:49:36.549617,2026-05-05T13:49:28.756778+01:00,eur,1.16905,1.1691,1.1690749999999999
2026-05-05T13:49:37.795835,2026-05-05T13:49:37.340000+01:00,eur,1.16905,1.1691,1.1690749999999999
2026-05-05T13:49:38.875900,2026-05-05T13:49:37.340000+01:00,eur,1.16905,1.1691,1.1690749999999999
2026-05-05T13:49:40.214266,2026-05-05T13:49:37.340000+01:00,eur,1.16905,1.1691,1.1690749999999999
2026-05-05T13:49:41.295753,2026-05-05T13:49:37.340000+01:00,eur,1.16905,1.1691,1.1690749999999999
2026-05-05T13:49:42.429348,2026-05-05T13:49:37.340000+01:00,eur,1.16905,1.1691,1.1690749999999999
2026-05-05T13:49:43.511325,2026-05-05T13:49:37.340000+01:00,eur,1.16905,1.1691,1.1690749999999999
2026-05-05T13:49:44.557064,2026-05-05T13:49:37.340000+01:00,eur,1.16905,1.1691,1.1690749999999999
2026-05-05T13:49:45.735993,2026-05-05T13:49:37.340000+01:00,eur,1.16905,1.1691,1.1690749999999999
2026-05-05T13:49:46.767541,2026-05-05T13:49:45.645427+01:00,eur,1.16905,1.1691,1.1690749999999999
2026-05-05T13:49:47.955978,2026-05-05T13:49:45.645427+01:00,eur,1.16905,1.1691,1.1690749999999999
2026-05-05T13:49:49.015027,2026-05-05T13:49:45.645427+01:00,eur,1.16905,1.1691,1.1690749999999999
2026-05-05T13:49:50.098793,2026-05-05T13:49:45.645427+01:00,eur,1.16905,1.1691,1.1690749999999999
2026-05-05T13:49:51.196765,2026-05-05T13:49:45.645427+01:00,eur,1.16905,1.1691,1.1690749999999999
2026-05-05T13:49:52.243529,2026-05-05T13:49:45.645427+01:00,eur,1.16905,1.1691,1.1690749999999999
2026-05-05T13:49:53.256211,2026-05-05T13:49:45.645427+01:00,eur,1.16905,1.1691,1.1690749999999999
2026-05-05T13:49:54.293575,2026-05-05T13:49:45.645427+01:00,eur,1.16905,1.1691,1.1690749999999999
2026-05-05T13:49:55.307118,2026-05-05T13:49:54.473325+01:00,eur,1.16905,1.1691,1.1690749999999999
2026-05-05T13:49:56.330400,2026-05-05T13:49:54.473325+01:00,eur,1.16905,1.1691,1.1690749999999999
2026-05-05T13:49:57.345599,2026-05-05T13:49:54.473325+01:00,eur,1.16905,1.1691,1.1690749999999999
2026-05-05T13:49:58.375400,2026-05-05T13:49:54.473325+01:00,eur,1.16905,1.1691,1.1690749999999999
2026-05-05T13:49:59.389332,2026-05-05T13:49:54.473325+01:00,eur,1.16905,1.1691,1.1690749999999999
2026-05-05T13:50:00.408634,2026-05-05T13:49:54.473325+01:00,eur,1.16905,1.1691,1.1690749999999999
2026-05-05T13:50:01.441758,2026-05-05T13:49:54.473325+01:00,eur,1.16905,1.1691,1.1690749999999999
